2564 4380
146 250 205 312 106
505 245 534 297 c.
553 245 712 299 sunusrr
729 245 832 299 cnrsrr

143 403 247 475 abdita,
263 401 359 463 clausa
373 399 534 478 effringere,
550 400 674 480 strepitu
688 410 716 462 et
729 403 856 464 tumultu
866 400 966 464 omnia
976 401 1117 476 miseere3
1132 419 1199 464 eum

143 487 259 549 interim
273 485 421 564 Hiempsal
441 485 584 565 reperitur
604 487 752 547 occultans
772 507 804 547 se
823 487 938 566 tugurio
958 486 1089 547 mulieris
1105 486 1198 548 antil-

107 573 200 645 olae,
221 592 279 651 quo
300 571 382 631 initio
404 570 524 648 pavidus
544 579 572 631 et
587 571 704 648 ignarus
719 571 776 632 loci
791 573 963 650 perfugerat
990 571 1136 633 Numidae
1150 590 1198 633 ea·

143 666 196 736 put
210 657 283 729 eius,
298 655 340 717 uti
355 655 427 716 iussi
443 663 532 727 erant,
546 656 581 716 ad
597 656 765 733 Iugurtham
779 659 916 717 referunt

92 741 132 804 lt
229 742 361 802 Ceterum
383 742 458 801 lama
476 739 547 800 tanti
562 740 699 800 facinoris
715 759 767 819 per
782 759 900 802 omnem
915 739 1041 801 Africam
1056 739 1139 801 brevi
1151 739 1198 801 di·

143 827 287 904 volgatum
309 824 499 886 Adherbalem
520 825 686 903 omnisque,
706 825 755 904 qui
770 826 826 886 sub
840 825 964 904 imperio
978 823 1119 903 llicipsse
1134 825 1199 887 iue-

143 919 222 982 rant,
242 918 337 971 metus
358 908 479 981 inradit3
499 908 530 969 in
550 910 621 970 duas
640 909 731 987 pertis
750 909 904 971 discedunt
923 908 1078 984 Nuruidae3
1098 909 1198 989 plures

106 1007 122 1057 2
143 995 333 1057 Adherbalem
353 1002 502 1066 secuntur,
522 995 573 1053 sed
592 993 673 1054 illum
693 995 815 1055 alterum
833 995 908 1055 bello
928 992 1073 1055 meliores.
1107 993 1200 1072 lgitur

142 1081 280 1158 Iugurtha
299 1099 386 1158 quam
406 1097 556 1139 maxumas
575 1086 674 1157 potest
694 1078 794 1158 copias
813 1087 918 1151 armat,
938 1077 1020 1139 urbis
1035 1078 1145 1157 partim
1159 1078 1197 1152 ri,

142 1166 211 1227 alias
231 1165 378 1225 voluntate
397 1162 521 1242 imperio
541 1182 596 1224 suo
617 1163 759 1242 adiungit,
780 1164 862 1225 omni
881 1162 1034 1224 Numidiae
1051 1163 1198 1242 imperare

106 1258 122 1311 t
143 1257 232 1330 parat
259 1248 414 1321 Adherbal,
435 1247 549 1309 tametsi
568 1248 693 1309 Romam
711 1249 821 1326 legatos
841 1248 973 1320 miserat,
993 1246 1043 1326 qui
1059 1255 1198 1309 senonim

143 1337 282 1396 docerent
300 1335 336 1394 de
356 1334 441 1394 caede
457 1333 553 1394 fratris
568 1341 597 1393 et
611 1333 737 1393 fortunis
753 1333 829 1407 suis,
844 1341 942 1394 tamen
956 1334 1048 1393 fretus
1062 1331 1197 1395 multitu·

106 1430 122 1480 t
143 1419 211 1480 dine
230 1419 354 1479 militurn
373 1417 492 1496 parabat
510 1417 600 1478 armis
620 1418 804 1478 contendere.
833 1418 891 1478 Sed
909 1416 960 1478 ubi
979 1435 1027 1477 res
1045 1416 1083 1477 ad
1104 1425 1197 1479 wutu-

143 1522 211 1564 men
230 1503 320 1574 venit,
340 1502 433 1562 victus
453 1521 488 1561 err
508 1502 620 1580 proelio
640 1502 770 1580 profugit
788 1502 820 1562 in
838 1501 1019 1581 provinciam
1038 1520 1073 1562 ac
1092 1501 1198 1563 deiude

106 1599 121 1648 5
142 1589 268 1650 llornam
287 1585 444 1647 contendit.
478 1586 554 1646 Tum
573 1586 710 1664 iugurtha
729 1586 847 1666 patratis
869 1585 1013 1659 consiliis,
1037 1593 1197 1666 postqum

143 1673 240 1734 omnis
260 1670 412 1732 Numidiae
430 1670 608 1749 potiebatur,
635 1670 666 1730 in
686 1671 746 1732 otio
768 1670 879 1732 lacinus
900 1689 988 1732 suum
1008 1688 1077 1731 mam
1098 1670 1197 1732 animo

142 1765 295 1835 reputans,
318 1756 420 1816 timere
439 1755 582 1834 populum
597 1755 763 1817 llomanum
777 1773 872 1835 neque
886 1756 1028 1816 advorsus
1043 1754 1120 1817 bam
1133 1754 1197 1817 eius

142 1860 267 1919 usquam
285 1840 343 1900 nisi
362 1840 393 1899 in
413 1839 527 1901 avaritia
545 1839 704 1901 nobilitatis
724 1848 752 1901 et
772 1840 894 1920 pecunia
914 1859 967 1901 sua
981 1858 1066 1918 spem
1081 1840 1197 1903 babere

107 1939 123 1989 6
142 1926 241 2004 ltaque
260 1925 360 2005 paucis
376 1924 478 1985 diebus
495 1943 647 1986 cumauro
663 1933 692 1986 et
705 1933 824 2004 argento
840 1925 932 1985 multo
947 1924 1057 2002 legatos
1072 1924 1200 1987 Romam

143 2010 242 2084 mittit,
258 2010 323 2089 quis
338 2009 491 2089 praecipit,
506 2009 636 2089 primum
649 2010 692 2070 uti
706 2017 816 2070 veteres
833 2009 944 2070 amicos
959 2008 1133 2071 muneribus
1148 2029 1199 2070 ex·

143 2096 253 2175 pleant,
274 2095 377 2155 deinde
396 2113 490 2156 novos
511 2094 672 2174 aequuum,
692 2102 843 2174 postremo
863 2112 1062 2173 quaecumque
1080 2093 1201 2173 possint

107 2194 121 2243 t
142 2180 294 2258 largiundo
314 2198 415 2258 parare
434 2197 472 2239 ne
492 2187 671 2240 cunctentur.
700 2180 758 2240 Sed
776 2178 826 2240 ubi
845 2178 971 2239 Romam
991 2177 1076 2256 legati
1095 2196 1200 2241 venere

143 2273 171 2325 et
190 2284 224 2324 ex
239 2271 394 2342 praecepto
410 2264 487 2341 regis
502 2263 669 2342 hospitibus
685 2264 816 2344 aliisque,
836 2281 965 2342 quorum
979 2282 1012 2324 ea
1026 2270 1200 2342 tempestate

142 2349 173 2410 in
188 2355 290 2408 senatu
305 2347 460 2408 auctoritas
475 2347 612 2426 pollebat,
632 2366 736 2426 magna
751 2366 872 2408 munera
886 2346 1005 2420 misere,
1020 2354 1102 2408 tanta-
1114 2366 1200 2409 com·

142 2431 263 2493 mutatio
278 2431 408 2504 incessit,
423 2439 456 2492 ut
470 2450 505 2492 er
518 2451 653 2493 maxuma
668 2432 773 2492 invidia
787 2431 818 2492 in
830 2431 950 2510 gratiam
962 2438 990 2492 et
1001 2432 1131 2494 latorem
1141 2448 1199 2495 uo-

106 2528 121 2578 8
141 2515 257 2578 bilitatis
272 2516 409 2593 lugurtba
423 2515 546 2577 veniret:
569 2535 696 2595 quorum
710 2535 778 2596 pars
794 2536 860 2596 spe,
879 2515 925 2578 alii
939 2514 1070 2596 praemio
1085 2514 1198 2579 inducti

143 2601 274 2680 singulos
290 2620 324 2661 ex
339 2608 441 2661 senatu
456 2600 614 2662 ambiundo
629 2601 803 2676 nitebantur,
818 2619 855 2661 ne
871 2600 985 2680 gravius
1000 2599 1032 2661 in
1042 2618 1112 2662 eum
1124 2618 1199 2665 con·

175 2806 285 2872 strepitu
296 2809 345 2854 etc.
369 2802 429 2853 Tac.
442 2803 506 2853 llist.
519 2802 548 2866 3,
562 2802 593 2852 ta
605 2806 642 2855 ir-
695 2805 799 2867 gendes
811 2802 911 2870 lmperl'.
924 2820 956 2854 zu
968 2803 1022 2855 Cat
1035 2803 1059 2868 b,
1072 2802 1098 2854 3.

140 2875 266 2941 rampant
281 2870 413 2922 Vitelliani
427 2875 454 2920 et
472 2875 563 2921 euecta
582 2887 642 2921 saet-
656 2875 667 2887 ‘
729 2887 753 2938 6,
769 2891 860 2957 ΡΜ,
881 2888 983 2940 pem.
1009 2888 1115 2939 „gmqng
1136 2888 1199 2940 Μ

140 2938 482 3006 mesenvflmmm'arw
492 2941 607 2989 miscent.
695 2955 1052 3020 aeruesregungnnenus.
1081 2991 1083 2995 ⁷

177 3018 225 3080 18
253 3028 276 3078 3.
304 3032 408 3080 [mmm
422 3035 470 3080 (lte.
498 3028 579 3079 Burei!
601 3029 640 3079 (iifl
729 3056 909 3108 qumwmqugg
926 3040 976 3091 alle
988 3038 1199 3104 mssgljghfflfflt.

141 3095 272 3160 Aurulung
296 3097 340 3146 des
363 3100 426 3146 rdm.
443 3096 534 3147 Senats
556 3097 641 3147 sobicu
694 3109 731 3159 tel
748 3125 804 3159 zum
815 3108 921 3172 ΖΜ,
937 3107 1062 3159 „aarum
1078 3109 1143 3161 mg
1158 3106 1199 3161 ἢ,

141 3179 171 3215 or
195 3163 240 3215 aui
263 3163 416 3215 Selbstbiilie
442 3164 584 3214 verzicbtet
609 3178 642 3214 au
695 3175 769 3226 ffiflfe
790 3193 839 3226 m
854 3174 991 3226 limum,
1006 3203 1042 3212 ..
1060 3172 1199 3243 mm,

141 3231 229 3282 baben·
695 3245 764 3294 steht
775 3243 883 3306 absolut,
896 3244 959 3293 obus
972 3241 1072 3294 Ob'cct.

174 3322 200 3372 4·
223 3324 393 3391 prowm?
420 3322 443 3372 d·
462 3322 479 3372 i·
505 3321 643 3387 Africam
730 3310 933 3362 memminit
941 3310 995 3361 (iem
1033 3309 1135 3363 flii-Wifl
1144 3308 1199 3363 clt-

141 3390 185 3440 das
198 3389 334 3451 ehemalige
347 3387 438 3440 Gebiet
448 3405 497 3439 von
509 3387 641 3452 Carthago,
695 3376 742 3441 44,
759 3376 783 3427 θ·

142 3458 191 3507 seit
211 3457 267 3507 dem
287 3455 381 3506 dritten
396 3455 532 3522 puniscbeu
547 3453 642 3519 ltnege
730 3461 754 3511 8.
780 3476 903 3528 quorum:
929 3461 976 3512 aul
991 3461 1132 3515 newton·
1153 3478 1200 3515 su·

142 3524 264 3573 rtimiscbe
276 3522 398 3585 Proviuz3
416 3523 468 3587 rgl.
483 3522 522 3586 19,
535 3522 559 3572 Ἰ.
695 3528 877 3593 riiclrweiseud‚
889 3529 938 3579 wie
953 3529 997 3595 14,
1010 3529 1027 3579 6
1038 3529 1201 3596 aulfmiis

176 3614 200 3663 5.
215 3616 376 3683 potiebatur.-
393 3614 419 3663 in
436 3615 481 3664 der
497 3619 577 3663 etwas
590 3612 641 3663 sel·
694 3599 801 3655 '‘Mira’'
816 3596 869 3660 vgl.
881 3595 936 3647 &b
952 3596 995 3661 ¹⁶,
1011 3595 1105 3658 msto·
1124 3597 1198 3663 172⁷

141 3688 230 3732 tenem
242 3682 387 3743 Bedeutung
402 3681 464 3743 „die
480 3679 564 3730 blacbt
580 3680 643 3729 iiber
694 3663 766 3724 lumi
784 3663 825 3728 39,
837 3663 853 3713 3
865 3680 962 3716 ‘’⁰²¹⁸st

143 3755 222 3799 etwas
243 3745 369 3799 bubeu”.
405 3746 465 3797 Tac.
482 3747 546 3797 Anu.
563 3746 591 3810 2,
608 3746 640 3796 42
726 3753 849 3814 gratius.-
871 3749 1030 3799 Aduerbium.
1063 3748 1117 3799 liei·
1136 3748 1198 3800 Sina

142 3831 193 3867 rec
199 3815 343 3868 Archelaus
352 3815 588 3881 quinquagesimum
596 3830 642 3865 art·
694 3834 747 3882 „ne
760 3820 868 3883 grossus
884 3820 911 3867 iu
927 3832 985 3868 eum
994 3817 1077 3884 flerat
1089 3820 1198 3869 mm

142 3899 205 3935 nmo
221 3883 379 3954 Cappadocis
390 3884 546 3950 potiebatur.
577 3881 641 3933 We·
695 3883 865 3937 consultum&
