2564 4380
175 284 179 293 .
219 264 224 273 ’
319 263 362 312 nn
380 261 487 312 anino
505 262 659 315 iuouara.
693 264 724 315 u·
740 231 858 315 aasses.

61 436 112 477 eos
132 434 193 475 non
210 415 339 494 paullum
355 415 486 475 oratione
501 434 554 476 sua
568 416 675 491 Marius
691 427 841 478 arrexerat.
870 418 944 478 Nam
959 427 1119 497 postquam
1137 426 1154 481 5
1236 462 1240 467 -

62 500 213 573 omnibus,
232 519 305 578 quae
324 500 530 576 postulaverat,
554 501 675 561 decretis
695 501 798 561 milites
814 502 940 563 seribere
953 503 1024 575 rolt,
1044 504 1116 563 hor·
1208 516 1213 523 ·

1058 267 1117 329 183

60 585 140 644 tandi
170 602 268 655 causa,
299 583 385 642 simul
415 592 443 643 et
466 584 645 644 nobilitatem
669 583 711 644 uti
736 594 923 646 consueverat
945 587 1116 665 exagitandi,

62 668 227 728 contionem
243 667 344 746 populi
359 668 514 728 advocarit.
547 668 655 728 Deinde
669 669 727 727 hoc
740 670 829 728 modo
845 669 994 731 disseruit:

81 796 85 801 -
145 751 235 824 „Soio
251 771 315 829 ego,
330 751 469 825 Quirites,
484 753 639 830 plerosque
653 770 715 811 non
729 751 822 811 isdem
837 753 945 814 artibus
960 753 1116 832 imperium
1128 754 1170 815 85

61 855 77 895 a
91 837 173 896 vobis
185 844 282 914 petere
294 843 329 907 et,
345 843 502 913 postquam
514 836 610 914 adepti
621 844 698 908 sunt,
713 854 824 912 gerere:
840 836 935 914 primo
947 838 1115 911 industrios,

60 921 216 998 supplices,
236 919 369 979 modicos
390 939 467 992 esse,
488 919 555 979 dein
574 939 627 998 per
644 919 788 997 ignaviam
808 927 836 980 et
856 920 1022 998 superbiam
1037 929 1115 981 aeta·
1194 926 1197 930 ’

59 1012 120 1063 tem
135 1022 227 1080 agere.
249 1003 306 1062 Sed
322 1003 395 1078 mihi
413 1010 514 1063 contra
529 1023 569 1067 ea
576 1004 701 1064 videtur:
717 1021 795 1075 nam,
810 1022 867 1082 quo
883 1003 975 1081 pluris
990 1012 1035 1064 est
1048 1005 1115 1065 uni-
1136 1017 1152 1066 2

59 1106 147 1147 versa
166 1106 213 1146 res
228 1086 342 1163 publica
357 1105 444 1164 quam
460 1087 627 1147 consulatus
643 1096 692 1148 aut
706 1095 853 1165 praetura,
873 1105 908 1146 eo
923 1087 1033 1148 maiore
1047 1107 1116 1149 cura

58 1171 138 1229 illam
153 1169 347 1230 administrari
362 1189 449 1248 quam
464 1171 534 1230 haec
548 1171 606 1248 peti
621 1171 732 1230 debere.
755 1172 853 1248 Neque
867 1189 915 1230 me
930 1170 1007 1243 lallit,
1022 1188 1115 1248 quan-
1137 1182 1152 1231 3

59 1263 124 1312 tum
143 1253 216 1312 'eum
241 1271 377 1312 maxumo
403 1262 502 1313 vostro
524 1254 664 1314 beneficio
685 1255 782 1331 negoti
802 1254 970 1314 sustineam.
1006 1254 1117 1313 Rellum

59 1354 163 1414 parare
178 1336 265 1396 simrd
279 1347 307 1397 et
322 1337 431 1397 aerario
447 1355 572 1415 parcere,
588 1356 690 1415 cogere
705 1338 740 1397 ad
756 1338 886 1398 militiam
897 1357 957 1410 eoS,
972 1356 1047 1415 quos
1059 1355 1116 1397 no·

58 1421 94 1480 lis
111 1421 268 1492 offendere,
285 1421 364 1480 domi
380 1421 509 1498 lorisque
524 1422 622 1481 omnia
637 1440 751 1493 curare,
761 1430 794 1481 -et
809 1440 841 1482 ea
856 1439 939 1498 agere
953 1421 1029 1481 inter
1041 1420 1116 1480 inri-
1187 1462 1191 1467 -

59 1506 128 1577 doe,
145 1505 337 1577 occursantis,
353 1505 504 1578 factiosos,
520 1505 670 1582 opinione,
687 1505 828 1578 Qrdritm,
842 1505 974 1582 asperius
990 1512 1042 1565 est.
1072 1504 1117 1563 Ad
1137 1512 1153 1561 4

57 1590 124 1659 hoo,
139 1588 185 1647 alii
200 1588 224 1647 si
240 1589 391 1666 deliquere,
406 1596 487 1648 retus
499 1589 644 1662 nobilitas
659 1589 899 1649 maiorumlortia
911 1589 992 1661 lacta,
1007 1605 1115 1665 cogna-

57 1681 155 1732 torum
176 1681 204 1733 et
218 1673 348 1732 allinium
364 1691 451 1750 opes,
472 1674 579 1732 multm
594 1673 751 1745 clientelae,
771 1672 869 1732 omnia
884 1672 955 1732 haec
968 1671 1114 1751 praesidio

57 1757 177 1829 adsunt3
192 1756 263 1815 mihi
279 1776 347 1835 spes
363 1775 467 1816 omnes
482 1757 513 1816 in
527 1766 635 1818 memet
643 1758 728 1830 sitae,
744 1776 814 1839 quas
827 1775 946 1816 neeesse
957 1764 1001 1816 est
1011 1756 1115 1815 virtute
1219 1774 1223 1781 ·

58 1849 86 1899 et
97 1839 261 1899 innocentia
272 1840 372 1912 tutari,
387 1833 457 1899 nam'
467 1840 520 1900 aba
532 1840 646 1901 infirma
658 1849 734 1902 sunt.
757 1841 794 1899 Et
804 1840 873 1899 illud
885 1839 1026 1916 intellego,
1042 1839 1114 1911 Qui·
1136 1847 1151 1895 5

57 1924 140 1996 rites,
161 1924 293 1983 ninnium
315 1942 366 1982 ora
386 1923 417 1981 in
436 1942 484 1981 me
504 1941 647 1983 convorsa
667 1943 745 1995 esse3
771 1940 879 1999 aequos
899 1922 1052 2000 bonosque
1072 1923 1115 1980 la·

57 2026 123 2067 rere
138 2043 179 2051 —
195 2007 302 2084 quippe
321 2025 385 2065 mea
399 2006 473 2064 bene
488 2007 561 2065 sacta
575 2007 617 2065 rei
631 2006 761 2083 publicae
776 2005 938 2082 procedunt
953 2039 1008 2076 -‚
1028 2003 1115 2063 nobi·

58 2208 117 2242 curra
131 2194 215 2239 nanno
233 2190 300 2238 steht
317 2188 361 2251 93,
382 2188 403 2237 1.
431 2188 483 2237 ller
499 2186 561 2237 Sina

58 2259 149 2307 bcruht
169 2256 214 2305 aul
226 2257 271 2305 der
286 2256 444 2316 Bedeutung,
465 2256 561 2304 welche

59 2326 162 2375 trahere
174 2323 218 2385 78,
233 2322 247 2371 3
260 2324 314 2385 hat,
332 2323 382 2371 uad
399 2321 444 2371 aul
452 2322 560 2371 demsel-

58 2393 106 2441 bea
118 2392 196 2453 Bilde,
214 2392 262 2440 wie
274 2390 299 2438 ia
313 2391 367 2439 dem
380 2390 463 2451 hiiullg
475 2406 502 2438 so
515 2404 560 2452 ge·
575 2408 578 2415 ¹

58 2461 193 2509 brauchten
206 2457 320 2519 colvm,-
334 2457 384 2519 rgl.
398 2456 439 2520 97,
452 2457 475 2505 2.

92 2551 145 2611 85.
175 2560 197 2610 l.
214 2576 265 2610 ooo
287 2559 370 2610 abelem
393 2561 494 2608 ortibus
512 2566 560 2608 ete.

57 2629 144 2678 Livius
161 2635 218 2690 sagt
232 2628 267 2690 (ἶ,
279 2627 320 2692 33)
335 2643 384 2676 von
396 2626 430 2675 Μ.
443 2626 560 2676 Valerius

57 2695 155 2744 Coruus
183 2698 294 2758 „peribam
325 2697 426 2744 artibus
450 2696 563 2759 petierat

57 2764 243 2824 competentur,
255 2761 338 2810 iaderae
369 2759 479 2823 erehot“,
492 2761 561 2808 alim-

58 2829 108 2878 lieh
120 2829 195 2876 honis
205 2828 313 2876 arnam.
358 2827 396 2873 ier
412 2826 446 2874 ist
462 2825 561 2873 freilich

58 2891 345 2944 auchdieseshalbeLob
358 2891 562 2956 sehrproblema·

59 2962 136 3021 tisch3
161 2960 225 3008 dena
242 2959 288 3007 der
304 2956 415 3007 Siuu'ist
435 2957 561 3021 „aniangs

59 3030 155 3078 kehren
176 3027 213 3076 sie
235 3027 274 3075 die
295 3032 354 3087 gnte
371 3025 441 3074 Seite
461 3026 560 3087 hernus,

59 3097 168 3146 naehher
188 3095 228 3143 dic
250 3093 398 3142 schleehte“
421 3092 481 3154 (vgl.
498 3090 561 3155 §9)‚

58 3164 110 3213 und
126 3178 154 3212 es
166 3162 230 3211 wird
246 3161 300 3210 also
318 3160 357 3209 die
371 3158 495 3208 Nobilitas
512 3173 562 3206 von

58 3231 131 3280 einer
140 3230 233 3278 audem
240 3228 309 3277 Seite
315 3226 434 3290 getadclt,
447 3225 563 3275 alssonst

57 3299 84 3347 in
96 3297 142 3345 der
153 3295 232 3358 liegel
243 3295 284 3343 bei
296 3294 401 3344 Sallust.

93 3398 117 3446 2.
136 3396 311 3446 sedndhiete.
329 3394 561 3457 lmVorhergehea·

59 3467 108 3514 den
132 3464 206 3526 liegt‚
224 3464 297 3521 ¹lrurz
320 3463 499 3525 ausgedriiclrt:
527 3460 564 3510 illi

59 3532 562 3597 emboreeurogerunta'mpeetmnqaom

56 3601 157 3668 petunt.
173 3597 329 3659 Daraulsagt
334 3597 428 3647 illarius
438 3595 562 3658 „ichaber

58 3666 122 3717 habe
134 3665 181 3713 den
195 3669 451 3726 entgegeagesetzten
461 3662 561 3711 Grand-

58 3741 128 3784 satz:
140 3732 246 3781 nfimlieh
256 3733 312 3794 dea,
326 3746 353 3779 es
363 3731 446 3779 miisse
458 3731 483 3778 ia
492 3729 561 3777 dem-

59 3789 329 3873 selbeaft'erhiiltaiss
354 3798 403 3846 wie
424 3797 470 3846 der
490 3795 563 3845 Suet

58 3869 129 3917 mehr
141 3868 221 3916 werth
235 3867 268 3916 ist
282 3866 320 3914 als
333 3865 372 3915 die
385 3864 560 3924 Staats'rimter,

758 2130 774 2157 0

615 2190 676 2238 auch
689 2188 729 2236 die
741 2186 853 2250 Sorglalt
865 2189 970 2248 grbsser
987 2186 1054 2253 sein,
1071 2185 1117 2236 mit

614 2255 725 2304 welcher
736 2271 760 2303 a.
772 2270 791 2303 s.
801 2254 851 2302 w.“
863 2280 896 2289 -
908 2257 998 2303 eontra
1009 2269 1040 2303 ea
1052 2253 1117 2314 (hier
1198 2294 1200 2299 .

615 2321 678 2370 eben
700 2338 728 2370 so
744 2321 827 2384 wenig
848 2320 886 2370 als
908 2320 952 2381 57,
974 2321 988 2369 5
1009 2319 1052 2369 l'rir
1071 2320 1115 2368 das
1135 2348 1139 2354 ·

615 2389 699 2439 blosse
712 2393 812 2453 contra,
831 2387 945 2437 wiewohl
958 2388 1026 2437 diess
1037 2386 1115 2437 aller-

615 2458 686 2519 diags
698 2457 760 2506 auch
769 2457 857 2505 stehea
866 2455 970 2518 litante)
981 2455 1016 2504 ist
1023 2455 1116 2504 adver-

615 2524 666 2574 bial
678 2525 701 2573 in
712 2525 767 2572 dem
772 2523 848 2573 Sirme
860 2522 923 2585 „auf
929 2523 985 2571 eine
995 2523 1049 2572 dem
1059 2528 1116 2570 ent-

614 2598 809 2653 gegengesetzte
827 2589 936 2640 Weise“
956 2590 1001 2639 mit
1015 2589 1116 2639 senemr
1217 2651 1223 2656 ο

614 2658 767 2719 verbunden,
784 2657 893 2705 welches
906 2656 945 2704 die
958 2655 1055 2704 vollare
1067 2654 1115 2704 Be-

615 2726 727 2785 deutung
743 2723 812 2786 „nir
823 2722 921 2770 seheiut
934 2722 1046 2782 riehtig“
1058 2722 1114 2780 hat3

614 2807 676 2840 aean
686 2791 721 2839 ist
730 2789 799 2837 nicht
808 2795 874 2836 etwa
881 2787 1050 2848 begriiadead,
1057 2801 1116 2835 sou-

616 2859 678 2905 dera
691 2854 879 2920 explicativ;
897 2853 960 2902 dazu
972 2853 1006 2902 ist
1017 2852 1117 2902 ridetur

616 2939 648 2971 zu
658 2921 796 2986 suppliren,
806 2921 857 2969 uad
868 2935 938 2968 zwar
949 2920 973 2969 in
983 2917 1116 2968 desselben

616 2990 774 3051 Bedeutuag‚
791 3002 882 3036 wovon
898 3003 947 3036 nun
964 2987 1010 3036 der
1021 2986 1081 3035 Aee.
1094 3000 1115 3034 e.

617 3055 660 3105 inl.
672 3070 736 3117 ganz
749 3053 914 3117 regelm'aissig
924 3053 1040 3114 abbliagt.
1134 3063 1141 3069 ·

651 3138 675 3188 3.
693 3154 764 3188 maa.
775 3154 798 3188 e.
812 3137 943 3203 hmapteio:
959 3137 982 3185 d.
992 3135 1008 3184 i.
1025 3150 1117 3184 coruu-

616 3207 686 3264 latm
698 3222 729 3254 zu
743 3204 783 3268 31,
799 3203 836 3252 16.

651 3294 677 3339 et
688 3305 718 3338 ea
728 3304 820 3354 ogere:
836 3292 862 3338 et
872 3288 938 3351 „uad
953 3286 1015 3335 noch
1027 3283 1116 3335 dazu“.

650 3372 675 3422 4.
691 3374 847 3423 annocentia.-
866 3372 922 3421 hier
941 3371 974 3419 im
994 3368 1117 3417 weitereu

617 3441 694 3490 Sinas
710 3463 745 3482 =
760 3455 863 3490 morum
881 3439 1046 3503 integr-itata·
1065 3432 1117 3497 vsi.

616 3510 728 3571 dagegen
740 3525 772 3557 zu
785 3506 838 3556 Cat.
853 3505 891 3568 12,
906 3504 928 3554 1.

651 3593 675 3641 5.
693 3591 876 3658 reipublicae:
901 3589 957 3638 Dat.
978 3600 1064 3635 eornm.
1085 3600 1118 3634 za

613 3659 763 3727 procedunt,
777 3657 887 3706 welches
899 3656 955 3704 hier
965 3653 1044 3703 heisst
1059 3652 1116 3715 „ei-

616 3742 664 3774 nen
676 3725 832 3787 gliickliehen
842 3722 931 3784 llrlolg
942 3721 1047 3770 hahea“.
1065 3718 1118 3769 Der

616 3791 765 3843 Naohdruelr
784 3791 847 3852 liegt
866 3788 913 3839 aul
929 3791 970 3839 rei
985 3787 1115 3856 publicam

616 3861 681 3907 dean
693 3859 738 3907 das
750 3856 902 3907 Staatswohl
913 3855 960 3919 gilt
971 3856 1019 3905 (len
1030 3857 1118 3921 ceptae
