2564 4380
366 182 409 259 nn
427 209 533 259 arnae
551 209 704 261 ruerant.
740 209 767 259 c.
786 207 904 258 er-m.

1085 278 1088 285 ¹
1105 211 1164 271 195

110 361 246 438 patravit,
261 379 384 437 magnus
400 372 427 422 et
442 362 535 423 clarus
550 371 641 432 antea,
655 362 749 422 maier
763 369 848 438 atque
864 361 968 421 elarier
982 360 1080 420 haberi
1096 383 1164 423 eee-
1232 364 1235 369 '

111 444 162 522 pit.
190 445 295 525 Omnia
314 463 374 503 nen
394 447 466 505 bene
487 447 617 505 consulta
637 445 668 503 in
682 445 817 504 virtutem
831 445 1030 505 trahebantur:
1050 446 1164 518 milites
1184 459 1200 507 2

109 528 244 588 nredeste
259 529 381 606 imperio
398 530 494 602 habiti,
510 530 596 589 simul
613 537 641 588 et
651 529 818 606 locupletes
833 530 867 588 ad
878 530 987 590 eaelum
999 531 1085 589 serre:
1100 531 1162 591 Nu-

109 612 202 672 midae
213 613 305 690 magis
317 632 404 689 quam
417 613 569 673 mortalem
581 613 694 683 timere;
706 621 857 690 pestremo
871 631 981 686 emnes,
994 614 1066 673 serii
1078 623 1163 692 atque

108 696 218 769 bestes,
230 697 345 757 eredere
356 697 395 756 illi
406 706 455 757 aut
466 704 593 756 mentem
605 696 730 756 ‹lirinam
741 716 805 756 esse
815 703 863 756 aut
873 696 995 757 deernnr
1005 707 1077 758 nutu
1089 715 1162 758 eun-

108 788 152 839 eta
167 781 310 857 pertendi.

194 865 251 924 Sed
271 863 386 934 consul,
406 852 455 922 ubi
475 884 507 923 ea
526 882 573 925 res
593 863 666 922 bene
686 864 790 935 evenit,
811 862 918 922 adalia
938 865 1044 941 oppida
1059 866 1160 944 pergit,
1182 877 1198 925 3

106 966 199 1024 [rauca
218 947 445 1026 repugnantibus
465 947 597 1007 b'unridis
618 947 705 1024 rapit,
725 948 820 1024 plura,
840 948 951 1006 deserta
971 957 1091 1024 prepter
1105 951 1159 1010 Ca-

106 1031 257 1108 psensium
283 1030 427 1100 miserias,
453 1029 513 1107 igni
539 1031 713 1108 eerrunrpit3
738 1031 818 1090 luetu
832 1037 927 1106 atque
953 1032 1038 1089 caede
1063 1034 1161 1094 emnia

106 1115 299 1191 «tetraplantur.
328 1113 454 1190 Denique
474 1114 572 1173 multis
592 1114 663 1173 leeis
684 1114 807 1192 petitus,
828 1132 861 1172 ae
876 1113 1021 1191 plerisque
1035 1116 1196 1176 exercitat

105 1198 272 1268 incruente,
293 1197 376 1257 aliam
391 1216 453 1255 rem
468 1197 644 1274 aggreditur,
664 1215 725 1256 nen
740 1198 838 1256 eadem
855 1196 1019 1274 asperitate,
1036 1217 1091 1275 qua
1106 1199 1160 1257 Ca-

106 1280 268 1358 psensium,
284 1289 410 1340 ceterum
425 1281 502 1340 haud
518 1301 601 1341 secus
616 1281 770 1340 dillieilem.

192 1363 409 1441 Namquehaud
419 1364 505 1440 lenge
517 1384 532 1424 a
543 1364 661 1423 flumine
672 1364 907 1441 Mulucha,'qued
918 1364 1072 1440 iugurthae
1082 1364 1162 1423 bec«
1181 1378 1196 1425 5

105 1447 210 1524 ehique
225 1466 348 1524 regnum
360 1447 547 1525 disiungebat‚
562 1457 622 1507 erat
632 1448 707 1507 inter
719 1456 842 1508 ceteram
853 1447 1000 1525 planitiem
1012 1467 1098 1507 mens
1112 1467 1160 1523 sa-

103 1550 184 1603 xeus
195 1531 334 1592 nredieeri
346 1532 459 1591 castelle
472 1532 542 1591 satis
553 1531 707 1609 patensin
717 1532 894 1591 immensum
906 1531 1008 1602 editus
1020 1550 1080 1590 une
1091 1549 1160 1608 per-

104 1623 228 1690 anguste
250 1615 328 1674 aditu
347 1615 459 1687 reliete;
479 1633 548 1675 nam
563 1616 660 1675 emnis
674 1624 778 1675 natura
793 1615 869 1674 velut
884 1633 971 1691 epure
986 1623 1071 1692 atque
1087 1631 1159 1674 een-

104 1699 181 1758 sulte
193 1718 341 1777 praecepa.
362 1700 456 1771 Quem
467 1699 564 1758 lecum
576 1700 691 1771 illarius,
702 1700 781 1776 qued
792 1698 830 1757 ibi
842 1698 918 1775 regis
931 1699 1057 1757 thesauri
1070 1707 1159 1772 erant,
1181 1708 1198 1755 e

103 1800 219 1842 summa
231 1783 257 1840 vi
273 1801 373 1860 capere
389 1782 519 1841 intendit.
543 1783 599 1861 Sed
615 1803 647 1842 ea
662 1802 709 1842 res
725 1784 800 1842 lerte
814 1801 901 1860 quam
917 1782 1039 1842 censilie
1054 1782 1158 1843 melius

103 1873 191 1941 gesta.
213 1866 285 1925 Nam
302 1866 416 1927 mstelle
430 1865 560 1925 virerum
571 1876 656 1944 atque
667 1885 817 1926 armerum
830 1866 909 1937 satis,
925 1884 1029 1943 magna
1041 1866 1083 1924 ris
1095 1867 1157 1926 lru-
1180 1876 1194 1923 7

102 1949 194 2009 menti
208 1957 237 2009 et
251 1951 317 2009 lens
333 1969 436 2027 aquae,
452 1949 602 2027 aggeribus
617 1951 802 2028 turribusque
817 1957 845 2009 et
860 1949 920 2009 aliis
936 1949 1158 2009 machinationi·

103 2027 159 2091 bus¹
180 2033 261 2092 leeus
280 2033 482 2110 importunum
502 2034 555 2092 iter
575 2034 796 2094 castellanorum
815 2041 970 2110 angustum
991 2034 1158 2106 admodum,

104 2116 250 2193 utrimque
269 2116 441 2193 praecisum.
480 2117 581 2176 Vineae
601 2136 668 2185 eum
687 2118 796 2194 ingenti
815 2117 942 2194 periculo
964 2118 1071 2175 frustra
1090 2135 1156 2193 age·
1179 2126 1195 2175 8

104 2200 228 2258 bantur:
243 2217 311 2260 nam
327 2219 393 2259 eum
408 2219 456 2259 eae
471 2201 566 2278 paulle
578 2208 790 2277 precesserant,
806 2200 865 2277 igni
876 2209 925 2259 aut
936 2200 1077 2277 lapidibus
1090 2219 1157 2259 eer-

104 2283 326 2360 rumpebantur3
342 2283 446 2342 milites
460 2302 553 2361 neque
569 2302 623 2361 pre
638 2292 728 2362 'epere
743 2285 900 2344 eensistere.
915 2292 1037 2361 prepter
1050 2283 1156 2359 iniqui-
1178 2291 1193 2339 a

137 2523 189 2583 92.
212 2533 237 2583 2.
255 2551 306 2583 nen
318 2537 380 2584 berre
392 2532 521 2583 certantia:
538 2534 601 2582 Dass

103 2601 261 2663 dergleieben
278 2602 358 2651 nehen
374 2602 439 2650 aller
452 2601 545 2649 verber
557 2616 601 2663 ge·

103 2668 216 2716 riibmten
232 2667 352 2719 Versielrt
374 2669 437 2735 derb
457 2666 601 2728 veniamur,

102 2735 137 2783 ist
149 2735 284 2795 natiirlicla,
301 2735 351 2781 und
363 2735 404 2783 bei
416 2735 477 2783 Sall.
491 2735 533 2781 bat
546 2731 602 2782 nra'n

102 2801 154 2848 sirlr
168 2800 234 2848 nieht
245 2816 278 2847 zu
290 2801 419 2861 eundern,
429 2801 487 2848 dass
497 2815 526 2847 er
535 2801 602 2849 diess

101 2867 140 2916 als
153 2866 205 2914 sich
218 2882 267 2915 ren
280 2866 361 2914 selbst
372 2867 524 2915 verstebend
536 2866 603 2915 nieht

103 2940 158 2984 erst
170 2932 349 2993 beverwertet
366 2933 447 2981 zumal
460 2933 490 2981 du
504 2948 540 2995 er,
553 2933 602 2981 wie

87 3011 89 3015 ’
102 3001 143 3062 99,
156 2999 167 3047 1
182 3000 256 3050 erede
268 3000 405 3065 (defletus
415 3000 490 3062 zeigt,
500 2998 602 3050 dasUn-

100 3068 247 3117 ternehmen
263 3068 296 3116 ian
312 3066 413 3118 Grunde
429 3068 467 3117 als
484 3067 525 3116 ein
542 3068 602 3117 tell-

101 3135 602 3197 kiibnesansab.—EinigewenigeHand-

102 3200 601 3252 sehribensebiebennaeheearultaneeb

101 3267 248 3332 dieWerte,
258 3269 341 3335 mede,
351 3285 440 3319 verme
451 3273 528 3319 abban
539 3284 603 3318 casu

101 3336 164 3386 data
174 3337 227 3399 ein,
239 3337 357 3386 wednreb
371 3336 426 3385 eine
438 3336 601 3385 wesentliehe

101 3404 284 3466 Veriinderung
304 3405 348 3453 des
368 3403 459 3453 Sinnes
483 3404 532 3451 und
555 3418 601 3451 zu-

101 3471 180 3533 gleieh
197 3471 222 3521 in
239 3472 284 3521 der
295 3471 457 3533 Verbindung
473 3486 522 3519 ren
540 3472 602 3518 bene

101 3538 217 3588 consulta
237 3539 283 3589 mit
304 3542 329 3587 in
353 3542 411 3588 rirt.
434 3539 602 3587 tradebantur

102 3605 220 3666 (dariiber
228 3621 287 3655 szu
296 3605 336 3668 85,
347 3605 388 3668 26)
403 3605 443 3653 ein
453 3611 533 3652 etwas
545 3600 601 3650 aul-

98 3673 200 3734 liilliges
213 3671 324 3735 Zeugma
338 3673 457 3721 entstebt.

133 3744 236 3791 cuneta.-
247 3740 315 3803 „alle
325 3736 537 3799 saineErlblge“;
547 3750 601 3783 we·

99 3823 147 3870 gen
157 3806 279 3875 portende·
289 3823 321 3855 zu
334 3805 357 3869 3,
371 3805 395 3854 2.

139 4060 147 4067 ι

689 2538 764 2584 aecii:
788 2534 933 2583 bezeichnet
950 2533 1006 2584 bier
1022 2533 1046 2581 in
1063 2531 1157 2581 uiniae-

656 2603 787 2650 senderem
804 2600 879 2649 Sinne
899 2602 949 2649 alle
964 2599 1010 2649 aul
1023 2599 1092 2648 Seite
1112 2600 1156 2647 des

656 2668 750 2717 Marius
774 2668 925 2716 Stehenden.
956 2665 1035 2714 Dal'rir
1063 2665 1158 2728 spriebt

656 2735 695 2784 die
723 2733 982 2785 zusurnmenlassende
1011 2731 1158 2790 Bedeutung

655 2817 704 2850 ren
716 2805 855 2868 postremo.

690 2868 714 2916 4.
732 2882 774 2916 aa:
786 2868 852 2931 „und
863 2862 961 2923 ἑψηθῇ
972 2862 1020 2910 wie
1030 2863 1105 2926 atque
1115 2860 1156 2924 89,

657 2933 686 2994 63
700 2933 740 2997 95,
754 2932 778 2981 3.

690 3000 849 3051 deudeeeur:
859 2997 1010 3063 „niehteben
1017 2994 1157 3055 weniger“.

656 3068 701 3116 Die
722 3068 885 3117 Hindernisse
907 3079 991 3113 waren
1013 3062 1067 3110 bier
1087 3075 1157 3109 zwar

657 3136 723 3183 nieht
739 3135 866 3184 dieselben
884 3134 907 3180 d.
920 3132 936 3179 i.
946 3146 1002 3185 ‚ren
1023 3126 1155 3176 darselben

655 3202 711 3262 Art,
721 3203 769 3250 wie
779 3202 913 3264 beiCapsa,
923 3198 984 3246 uber
993 3197 1079 3244 darum
1089 3193 1157 3241 nieht

655 3269 780 3330 geriuger.
856 3304 859 3308 .

690 3335 714 3382 5.
732 3334 865 3384 Mulucha:
881 3349 913 3381 zu
927 3331 966 3392 19,
980 3330 1003 3377 7.
1148 3390 1154 3402 ¹

690 3401 805 3450 rastello:
821 3401 873 3449 ller
884 3398 959 3447 Dativ
970 3396 1020 3444 wie
1033 3392 1074 3456 98,
1088 3391 1102 3439 3
1115 3391 1156 3439 ber

653 3484 749 3534 purum
760 3467 869 3535 arreplue.

688 3538 854 3585 ammarum:
868 3549 899 3580 zu
913 3530 954 3593 48,
968 3529 992 3577 3.

690 3604 785 3652 errante:
801 3598 910 3648 niimlieh
922 3611 1004 3645 neorre.

690 3668 713 3717 8.
729 3667 829 3734 paullo:
859 3660 1061 3726 llegilaniissiger
1085 3659 1156 3709 edire

653 3734 775 3801 patellam.
1010 3742 1017 3753 ·

691 3801 714 3851 9.
733 3802 885 3850 contristere:
906 3797 959 3846 Aus
975 3796 1031 3844 rium
1045 3792 1156 3857 balgen*

904 3879 956 3928 13*
