2564 4380
178 237 237 297 tot
541 233 569 284 e.
588 229 747 285 sunosrr
764 230 866 285 unsri

140 401 156 457 θ
176 407 248 452 num
267 391 358 451 lidum
378 390 520 461 invenies,
540 387 565 448 si
585 387 642 447 tuis
661 387 757 447 hostis
776 385 888 448 lucris?
914 387 1056 466 Equidem
1075 406 1133 467 cgo
1148 387 1230 451 vohis

174 493 298 552 regnum
312 475 395 536 trado
411 476 539 546 lirnium,
555 472 580 532 si
595 472 666 532 boni
681 472 774 544 oritis,
789 473 835 532 sin
851 473 928 546 mali,
943 473 1129 535 imbecillum.
1157 474 1230 537 Num

176 559 333 620 eoncordia
354 579 457 638 parvae
478 578 524 618 res
545 565 693 629 creseunt,
720 557 864 618 discordia
884 576 1034 618 maxumae
1053 558 1230 621 dilabuntur.

139 656 153 705 7
175 643 309 704 Ceterum
328 654 394 704 anto
412 645 467 704 hos
489 651 529 714 to,
550 642 700 719 Iugurtha,
721 641 770 720 qui
790 650 880 703 aiente
895 651 923 703 et
939 642 1078 720 sapientia
1092 643 1179 721 prior
1191 663 1231 717 cs

174 747 212 788 ne
231 728 311 789 aliter
331 729 399 806 quid
418 728 527 788 eveniat
547 726 699 805 proridcre
717 727 807 787 decet
838 726 912 788 Nam
931 727 1059 789 inomni
1073 728 1231 791 conamine

175 812 225 892 qui
240 813 405 891 opulentior
418 822 471 885 cst,
486 811 597 872 etiarnsi
612 811 716 890 accipit
726 811 868 883 iniuriam,
883 820 988 884 tamen,
1003 811 1069 890 quia
1081 812 1150 890 plus
1161 821 1230 892 pot·

139 906 154 956 8
175 906 228 970 est,
245 898 337 958 laocre
352 898 470 958 ridetur.
498 898 558 956 Vos
573 905 679 969 autern,
695 896 838 956 Adherbal
852 904 881 956 et
894 896 1051 975 Hiempsal,
1066 897 1162 970 colito,
1176 897 1231 959 ub·

175 990 285 1043 serrato
300 982 385 1042 talcm
400 983 478 1042 huno
489 982 597 1053 rirunn
610 980 763 1040 imitamini
774 980 909 1041 rhtutem
919 988 948 1041 ct
959 980 1111 1055 enitimini,
1127 1000 1167 1042 ne
1176 1001 1230 1060 ego

175 1066 310 1127 meliores
325 1067 433 1127 liberos
449 1066 612 1144 smnpsisso
627 1066 724 1125 ridear
738 1084 825 1143 quam
841 1065 1002 1143 genuisse.''
1216 1134 1219 1139 ,

124 1152 162 1213 11
261 1151 304 1211 Ad
323 1171 356 1211 ea
370 1151 519 1228 Iugurtha,
540 1150 654 1210 tartrctsi
669 1168 768 1227 regem
783 1150 848 1210 fieta
862 1150 992 1211 locutum
1006 1149 1192 1229 intellegebat
1204 1160 1232 1211 ot

174 1234 239 1314 ipse
253 1235 339 1313 longe
354 1236 434 1296 ahter
448 1236 545 1296 aninlo
561 1234 698 1311 agitabat,
714 1243 810 1295 tamen
826 1253 880 1312 pro
896 1243 1029 1314 tempore
1043 1235 1171 1313 benigne
1184 1254 1230 1297 re·

138 1333 154 1383 2
175 1320 304 1400 spondit
327 1320 446 1399 Micipsa
460 1320 559 1399 paucis
575 1328 644 1398 post
656 1319 757 1379 diebus
769 1319 902 1379 moritur.
925 1319 1086 1398 Postquam
1096 1320 1231 1383 illimorc

175 1405 255 1483 regio
271 1405 346 1466 iusta
360 1404 511 1482 magniliee
527 1405 662 1477 locarant,
678 1403 769 1481 reguli
783 1403 814 1463 in
824 1422 917 1464 unum
929 1399 1099 1478 oon'venere,
1115 1413 1149 1467 ut
1157 1405 1232 1467 inte

139 1502 154 1552 3
175 1497 207 1550 se
222 1490 257 1549 de
273 1489 384 1551 cunctis
399 1489 523 1566 negotiis
540 1489 742 1566 disceptarent.
773 1489 830 1548 Sed
844 1488 1001 1568 Hiempsal,
1016 1489 1066 1567 qui
1080 1489 1231 1551 mr'numm

175 1593 210 1633 ex
233 1574 288 1633 illis
311 1582 383 1645 crat,
408 1581 511 1634 natura
530 1574 612 1633 ieron
631 1572 736 1633 ctiam
755 1581 820 1633 ante
838 1573 1047 1651 ignobilitatem
1065 1574 1231 1652 Iugurthae,

175 1657 241 1736 quia
256 1665 386 1717 materno
403 1675 507 1734 genere
522 1657 616 1735 impar
630 1665 704 1728 erat,
721 1657 893 1736 despiciens,
909 1659 1024 1718 dextera
1038 1658 1230 1721 Adherbalem

174 1741 295 1813 assedit,
316 1761 353 1802 ne
372 1741 484 1802 medius
506 1761 540 1802 er
555 1741 662 1813 tribue,
684 1743 763 1820 quod
778 1743 855 1821 apud
870 1743 1009 1804 Numidas
1024 1743 1134 1805 honori
1149 1743 1231 1805 duci·

138 1835 156 1884 4
175 1834 236 1898 tur,
256 1826 394 1903 Iugurtha
409 1827 492 1887 toret
519 1826 590 1887 llein
604 1834 715 1898 tamen,
736 1834 768 1886 ut
782 1827 865 1887 aetati
880 1828 1051 1888 concederet
1066 1827 1202 1906 fatigatus
1215 1847 1232 1890 a

139 1920 155 1969 5
176 1912 276 1983 fratre,
296 1911 341 1970 rix
360 1910 390 1969 in
406 1921 517 1990 partem
533 1912 651 1972 alteram
666 1912 852 1971 transductus
868 1920 921 1971 est.
951 1912 993 1972 lhi
1009 1930 1075 1972 oum
1090 1913 1184 1974 multa
1198 1914 1232 1972 de

174 1995 404 2056 administrando
420 1995 543 2074 imperio
560 1996 748 2069 dissererent,
767 1995 905 2073 Iugurtha
919 1997 995 2057 inter
1010 1996 1079 2057 alias
1094 2015 1143 2057 res
1158 1997 1231 2069 iacit,

175 2089 312 2160 oportere
327 2080 506 2158 quinquenni
521 2081 652 2141 consulta
668 2088 696 2140 et
711 2081 824 2141 decreta
836 2080 934 2141 omnia
944 2080 1083 2154 rescindi3
1098 2098 1169 2142 nam
1180 2100 1232 2161 per

174 2184 208 2227 ea
232 2173 365 2244 tempora
392 2166 556 2226 conlectum
583 2164 666 2226 annis
686 2164 836 2243 Micipsam
856 2183 960 2244 parum
979 2165 1077 2227 animo
1097 2165 1230 2229 valuisse

174 2386 204 2436 de
214 2386 279 2435 wird
287 2386 370 2449 wenig
382 2385 521 2436 zurTreue
534 2401 613 2450 gagen
626 2387 673 2436 den
757 2388 849 2502 pounb
885 2389 927 2436 ost
944 2385 1046 2438 diebus:
1064 2385 1127 2436 Sall.
1145 2387 1191 2438 hut
1206 2387 1231 2437 ἰι

172 2454 274 2516 geueigt
297 2454 368 2515 sein,
393 2455 440 2503 den
473 2470 502 2503 er
529 2455 562 2503 im
592 2454 673 2504 oll'nen
727 2454 828 2502 sochen
870 2453 1017 2517 eitangahen
1041 2454 1231 2505 sonat-titiant!

172 2518 276 2585 linmpl'e
292 2521 338 2570 mit
354 2522 441 2571 acinon
456 2522 576 2571 niichsten
591 2521 673 2585 Ange·
728 2521 858 2570 entweder
872 2525 934 2588 post
949 2522 988 2571 uls
1004 2520 1124 2586 Praepos.
1142 2521 1230 2573 nitu

172 2588 373 2650 hdrigenaieht3
396 2591 449 2639 tuis
465 2590 542 2651 hiingt
556 2605 607 2639 von
619 2591 673 2639 dem
727 2591 787 2638 Aoo.
807 2589 868 2637 oder
885 2589 933 2637 den
953 2588 1082 2638 einluoheu
1097 2588 1185 2639 nnnc

172 2655 349 2705 verbundenon
361 2656 541 2720 beatissumae
553 2656 592 2706 nh.
753 2657 892 2721 fecerant:
909 2656 960 2706 Das
976 2656 1061 2720 Plusq.
1080 2657 1143 2706 nuoh
1149 2661 1231 2788 pige

1173 2740 1190 2775 o

206 2739 230 2788 6.
249 2739 378 2805 equidem:
391 2755 423 2789 zu
436 2740 490 2790 Cat.
504 2741 545 2802 51,
562 2740 600 2788 15.
623 2741 674 2789 Der
728 2739 804 2788 dm
815 2723 855 2802 bel
867 2723 935 2802 ”lehi
947 2723 1139 2773 llssffllttelbflffl·

173 2806 315 2870 Gegensatz
329 2824 361 2856 zu
374 2808 429 2856 dem
441 2822 489 2871 ego
506 2808 570 2870 liogt
582 2808 607 2856 in
619 2809 674 2856 dem
728 2793 773 2870 ‘¹9¹'
791 2790 951 2871 Efelssflfflsset
970 2791 1016 2870 973
1037 2791 1065 2870 13
1144 2859 1151 2872 .

172 2875 217 2925 mit
228 2875 464 2938 eingesehlossenen
477 2873 611 2925 Godanlren
625 2889 673 2937 „aa
761 2857 859 2923 ’'effulv
878 2858 928 2907 Das
945 2859 1127 2909 Dlfflmutlvum
1142 2875 1170 2909 ιι
1182 2860 1230 2911 Bo·

172 2943 234 2991 euch
245 2943 307 2991 aher
318 2943 352 2991 ist
364 2958 405 3005 es,
423 2943 468 2991 das
481 2941 615 3004 Gegehone
627 2959 672 2991 un·
728 2926 845 3005 Plehussb·
865 2925 911 2974 “uf
934 2927 973 2976 ‘lle
999 2926 1102 2989 801'1'83
1130 2925 1231 2979 Gfflll

172 3011 291 3059 versehrt
303 3026 334 3058 zu
347 3009 487 3059 erhalten“.
724 2995 798 3056 ledes
816 2993 967 3055 E¹¹¹²⁰l¹¹⁰¹13
994 2992 1036 3056 1²,
1057 2993 1084 3056 1,
1102 2993 1128 3043 2·

763 3060 786 3110 3.
804 3065 949 3112 imbueres.-
967 3061 1072 3111 niimlieh
1082 3065 1154 3114 nain.
1172 3062 1229 3113 niv.

205 3092 230 3142 7.
253 3097 326 3173 mete.-
344 3093 442 3143 erkl'drt
459 3093 512 3175 sich
530 3109 610 3156 genau
628 3111 673 3145 aus
731 3129 743 3178 1
777 3128 809 3177 53
832 3127 930 3179 smus
940 3129 1015 3195 Mus
1032 3131 1088 3179 m
1122 3132 1230 3195 quim..

171 3161 226 3210 dem
250 3160 438 3211 Zwrschonsotz
463 3177 504 3226 qao
522 3165 607 3211 aetate
624 3170 673 3213 ete.
727 3166 817 3248 πέψω
830 3213 865 3247 0oe
882 3198 965 3247 mque
982 3199 1046 3247 Μ.
1092 3165 1100 3193 ²

205 3244 229 3293 8.
248 3248 393 3296 observate:
405 3246 600 3296 bezeichnetdie
610 3246 673 3297 Aur·
761 3263 871 3315 wag,-
891 3270 963 3313 sonst
979 3264 1020 3313 bei
1039 3263 1100 3314 sall,
1119 3281 1169 3315 nur
1185 3266 1229 3317 ab·

170 3312 354 3392 merlsoinkatt·
369 3313 525 3392 seseglus·
549 3313 573 3362 tn
591 3315 673 3392 ,alleri
728 3329 949 3393 solutgebraueht.
968 3330 1023 3380 cni.
1036 3329 1082 3394 31,
1093 3332 1124 3393 τ,
1143 3332 1191 3398 53,
1206 3333 1228 3385 t.
1267 3333 1270 3337 ’

171 3378 251 3428 selbot
268 3380 368 3430 hlernen
385 3381 435 3430 und
448 3395 553 3430 nussern
567 3381 672 3460 Drpgen.
760 3397 785 3445 4,
810 3397 961 3461 fatigatus:
979 3420 1013 3440 =
1030 3402 1151 3467 paetum
1169 3417 1230 3452 m

205 3445 295 3496 tolero:
329 3447 429 3511 Wegen
460 3449 505 3496 der
535 3448 673 3530 speerellen
727 3465 805 3514 gaug,
823 3466 969 3524 mercam
994 3464 1037 3528 14,
1056 3465 1103 3528 205
1132 3466 1180 3533 73,
1197 3468 1227 3529 23

169 3512 316 3578 Bodeutung
332 3516 384 3578 vgl.
402 3515 432 3578 4,
451 3514 467 3563 4
485 3514 646 3581 quadratura.
728 3529 789 3591 111,
808 3526 832 3578 3,

205 3586 253 3646 ll.
291 3597 314 3647 l.
334 3615 384 3666 pro
404 3603 531 3667 tempore:
553 3599 625 3662 „wie
644 3613 672 3649 es
758 3599 816 3647 auia:
845 3597 870 3646 in
897 3600 1058 3650 concessiver
1083 3601 1229 3668 lleziehung

170 3663 210 3712 die
234 3667 438 3729 gegenwiirtigen
458 3666 593 3718 Umatiinde
611 3681 671 3715 ver·
725 3679 781 3713 rum
798 3663 921 3714 Verbum:
940 3683 991 3730 „er
1008 3669 1109 3732 wurde,
1128 3670 1228 3723 onwan

169 3729 307 3794 lnngten“;
327 3749 355 3783 so
372 3749 422 3801 pro
439 3737 562 3798 αηιὶοἱίἱα,
582 3732 610 3796 9,
628 3731 653 3781 2.
724 3730 770 3780 mit
786 3747 897 3794 gonauer
913 3733 993 3797 Noae,
1012 3736 1166 3799 bewogen“.

204 3795 310 3850 estrei
325 3799 671 3853 conuenerantque
759 3799 945 3852 trenadoetos:
972 3825 1007 3845 =
1036 3803 1164 3857 adductae
1196 3810 1228 3858 ut

172 3862 230 3915 Zeia
247 3881 280 3915 zu
318 3866 369 3931 ‚3.
487 3916 492 3922 .
726 3869 857 3938 lm‘ll'fllf
