2564 4380
376 255 420 307 nn
438 253 546 307 asmo
564 253 719 309 rueunrn.
755 254 783 307 e.
801 253 885 308 e-e.
1097 260 1156 339 101

99 413 233 493 equitum
250 419 336 492 atque
354 411 485 490 peditum
504 408 606 469 auxilia
626 409 764 482 mitteret,
785 428 906 488 sperans
921 410 965 472 vel
984 415 1157 475 ostentando

101 501 238 560 virtutem
247 496 290 559 rel
304 495 435 557 hostium
451 493 565 554 saevitia
579 493 660 555 facile
675 514 742 555 eum
754 514 935 569 occasurum,
950 498 1085 576 praefecit
1095 499 1158 559 Nu·

102 582 204 655 nudis,
223 600 299 661 quos
320 579 351 641 in
365 578 535 659 Hispaniam
555 577 695 638 mittebat.
723 579 779 639 Sed
799 598 831 640 ee
846 599 893 640 res
908 581 994 659 longe
1008 582 1103 655 aliter,
1124 602 1158 644 ac
1179 595 1195 645 e

101 674 183 729 ratus
196 673 280 739 erat·
290 665 392 726 evenit.
420 663 493 723 Nam
509 662 660 739 Iugurtha,
675 671 708 723 ut
722 671 783 724 eret
797 663 922 743 impigro
938 673 1023 744 atque
1037 667 1096 727 acri
1110 667 1157 733 in,-
1178 678 1195 727 4

101 750 200 830 genio,
224 750 274 811 ubi
294 756 428 811 naturam
447 747 480 807 P.
497 746 658 824 Scipionis,
685 748 817 826 quitum
837 748 978 810 Romanis
997 751 1159 829 imperator

100 843 176 909 erat,
194 842 224 897 et
241 852 357 896 morem
375 831 505 893 hostiurn
524 831 675 909 cognovit,
696 832 788 891 multo
808 832 907 894 labore
921 836 1067 914 militeque
1081 855 1159 909 cure,

100 927 248 1000 praeterea
261 917 488 979 modestissume
502 915 630 994 parendo
646 923 675 976 et
689 935 776 995 saepe
790 916 904 978 obviam
915 920 1011 980 eundo
1023 920 1158 998 periculis

99 1004 132 1067 in
152 1011 262 1067 mutam
280 1001 480 1065 simitudinem
498 1000 577 1060 brevi
596 1009 777 1078 pervenerat,
799 1008 832 1061 ut
850 1003 960 1063 nostris
975 1004 1159 1066 vehementer

101 1106 201 1162 curus,
215 1086 400 1149 Numantinis
414 1103 552 1147 maxumo
567 1085 672 1145 terrori
687 1093 772 1145 esset.
799 1086 840 1146 Ac
854 1105 932 1159 sane,
949 1088 1029 1166 quod
1043 1089 1156 1151 diflicil-
1178 1099 1193 1148 5

100 1173 215 1235 lumum
228 1171 378 1250 inprimis
393 1177 451 1243 est,
471 1177 499 1229 et
513 1169 626 1247 proelio
643 1177 778 1230 strenuus
793 1178 854 1230 erat
868 1179 896 1231 et
909 1171 1005 1232 bonus
1022 1174 1157 1247 eonsili03

101 1275 230 1337 quorum
244 1255 367 1317 alterum
381 1274 416 1316 ex
431 1253 611 1333 prouidentia
625 1253 777 1326 timorem,
797 1255 918 1327 alterum
933 1275 968 1316 ex
982 1257 1099 1318 audacia
1114 1268 1157 1318 te·

100 1340 264 1403 maritantem
283 1341 384 1401 afferre
403 1339 573 1417 plerumque
592 1337 673 1398 solet.
701 1339 791 1416 Igitur
809 1338 968 1417 imperator
987 1341 1085 1401 omnis
1100 1343 1159 1403 sere
1179 1352 1195 1401 o

101 1445 150 1489 res
163 1442 282 1505 asperas
297 1442 351 1503 per
363 1423 532 1501 Iugurtham
547 1441 639 1500 agere,
654 1422 685 1481 in
700 1422 800 1483 amicis
815 1423 927 1497 habere,
942 1425 1034 1502 magis
1049 1426 1159 1503 magis-

102 1530 159 1591 que
177 1528 247 1571 eum
265 1508 297 1569 in
316 1508 377 1569 dies
397 1506 545 1586 amplecti3
564 1507 672 1585 quippe
692 1507 773 1567 cuius
789 1525 882 1586 neque
897 1509 1052 1570 consilium
1066 1529 1159 1589 neque

101 1595 252 1675 inceptum
275 1592 366 1653 ullum
385 1593 493 1653 frustra
512 1600 580 1652 erat.
613 1591 678 1651 Huc
696 1592 847 1653 accedebat
861 1594 1056 1655 munificentia
1071 1594 1159 1656 animi
1180 1602 1194 1651 7

102 1688 132 1743 et
148 1677 247 1757 ingeni
266 1677 405 1749 sollertia,
426 1675 490 1754 quis
510 1675 597 1736 rebus
617 1675 672 1735 sibi
691 1677 800 1736 multos
820 1697 855 1737 ex
868 1678 1009 1739 Romanis
1029 1679 1159 1740 familiari

102 1762 229 1827 amicitie
253 1761 449 1821 coniunxerat
486 1761 527 1821 Ea
552 1767 722 1839 tempestate
746 1761 776 1821 in
802 1761 928 1823 exercitu
952 1771 1056 1824 nostro
1079 1760 1196 1824 iueress

104 1847 272 1929 complures
290 1846 359 1907 novi
378 1853 464 1923 atque
483 1844 610 1916 nobiles,
632 1844 737 1922 quibus
758 1845 868 1905 divitiae
883 1847 962 1906 bono
979 1849 1161 1926 honestoque

104 1932 236 2013 potiores
255 1939 350 2002 erant,
373 1928 485 1990 factiosi
505 1929 597 2000 dorni,
616 1936 749 2007 potentes
765 1930 841 2007 apud
857 1931 967 2002 socioS,
987 1931 1054 1991 clari
1068 1932 1160 2009 magis

105 2036 193 2097 quam
206 2015 336 2075 honesti:
353 2013 402 2093 qui
417 2013 570 2090 Iugurthae
584 2030 647 2072 non
661 2012 838 2072 mediocrem
853 2014 982 2074 animum
998 2015 1160 2092 pollicitan-

107 2101 146 2163 do
162 2099 365 2170 accendebant,
388 2097 412 2157 si
427 2096 546 2174 Micipsa
560 2115 610 2156 rex
625 2096 789 2168 occidisset,
806 2098 868 2157 sore
883 2098 925 2157 uti
940 2098 1021 2158 solus
1037 2099 1160 2177 irnperio

107 2182 256 2247 Numidiae
274 2182 430 2262 potiretur3
450 2181 480 2241 in
500 2180 566 2259 ipso
586 2199 752 2240 maxumam
766 2180 914 2255 virtutem,
934 2182 1043 2243 Romae
1064 2182 1162 2244 omnin

107 2268 214 2331 venolio
232 2286 305 2328 esec.
333 2266 389 2327 Sed
409 2273 566 2344 postquam
581 2264 734 2325 Numantia
754 2266 843 2326 deleta
858 2266 890 2326 P.
904 2266 1002 2345 Scipio
1019 2267 1161 2328 dimittere
1181 2275 1196 2324 2

105 2352 208 2415 auxilie
222 2351 328 2430 etipse
342 2351 448 2411 revomi
464 2350 586 2410 domum
602 2349 737 2423 decrevit,
759 2351 899 2411 donatum
915 2359 1000 2430 atque
1014 2353 1162 2413 laudatum
1224 2350 1227 2355 ’

106 2436 259 2517 magnifice
277 2454 332 2515 pro
354 2435 491 2495 contione
505 2433 673 2511 iugurtham
692 2433 722 2493 in
742 2435 920 2514 praetorium
935 2436 1052 2498 abduxit
1066 2437 1162 2517 ibique

106 2680 212 2732 crobcrt
222 2680 395 2729 undzerstbrt
407 2679 502 2728 uuerde.
527 2678 608 2728 Wiib-
696 2679 816 2729 medaria:
828 2680 883 2729 bier
896 2681 928 2729 im
940 2688 1016 2743 guten
1029 2681 1114 2731 Sinna.

106 2749 171 2799 rond
193 2747 280 2797 dieser
302 2746 458 2808 Relogeruog
484 2746 540 2796 kam
563 2746 608 2795 Ju-
697 2770 718 2831 8
753 2780 763 2828 ¹
854 2784 870 2812 .,
906 2783 921 2830 h

107 2816 199 2880 gurtha
210 2815 235 2863 in
247 2815 292 2864 das
305 2813 372 2863 Heer
383 2814 427 2862 des
440 2813 532 2879 Scipio.
622 2866 625 2873 ,
664 2847 696 2896 63
719 2796 867 2896 ’7,ὲ57ωξι·
891 2797 953 2830 ⁰¹¹⁰

142 2882 168 2932 t.
192 2880 330 2933 nements:
343 2881 394 2930 Der
406 2880 482 2930 Dativ
493 2897 541 2930 von
554 2882 610 2930 dem
702 2887 709 2911 '
744 2883 751 2908 ’
804 2885 811 2911 ’
853 2885 859 2897 ·

971 2783 1086 2831 homines
1102 2783 1164 2831 oucb

107 2949 286 3029 verbpndenen
312 2951 455 3017 atnpmtor
481 2952 539 2999 me
565 2948 609 2997 ab.
690 2933 804 2997 factiosi
821 2938 870 2981 etc.
903 2932 953 2981 Des
973 2932 1036 2982 Feld
1057 2933 1165 2998 derso·

107 3018 209 3080 ¹¹3³&ss-
665 3002 761 3048 otiorum
779 2998 843 3060 tvgl.
865 2999 1051 3062 banpts'debiicb
1069 2998 1114 3062 31,
1134 2999 1166 3049 14

142 3083 251 3135 mm
266 3082 395 3150 pampo:
416 3082 507 3131 piem
527 3099 553 3131 u,
570 3081 610 3130 (pe
664 3082 689 3114 u.
705 3065 748 3126 15,
761 3065 811 3113 und
824 3081 856 3113 zu
868 3065 913 3127 41,
928 3065 957 3127 b)
976 3081 1029 3115 war
1045 3067 1167 3117 zuniicbst

109 3151 217 3217 affige„
227 3149 299 3214 2330
316 3166 361 3200 m
378 3150 514 3212 jugurth„
528 3149 611 3199 fland.
665 3132 727 3182 Nom
740 3131 832 3193 selbst,
854 3131 907 3181 ihre
920 3130 1004 3183 Mocbt
1014 3133 1076 3182 eber
1090 3134 1166 3184 iibten

110 3217 264 3282 pmmpge
284 3232 370 3267 We„
390 3233 453 3279 ganz
474 3218 535 3266 „ach
556 3214 612 3266 Sci.
666 3200 706 3248 die
718 3198 1128 3276 vornebmeniiiimervorziigiicb
1141 3200 1167 3250 in

128 3286 168 3336 ios
189 3285 262 3346 Sion,
282 3284 374 3335 dessen
394 3285 502 3346 Strengc
522 3284 547 3333 in
567 3284 614 3332 der
667 3268 714 3345 de?
735 3265 876 3343 PF⁰Y¹¹¹²⁰⁰
896 3282 954 3329 ⁸¹¹⁸,
967 3268 1008 3317 (¹5⁰
1032 3267 1105 3316 ihssess
1126 3267 1166 3316 (Ne

109 3302 234 3419 Niseipiin
243 3353 336 3414 &crode
345 3352 385 3401 bei
394 3352 478 3401 dieser
488 3349 613 3413 Gelegen-
666 3333 751 3412 Mftoel
771 3331 861 3382 ¹¹⁰f01'11
882 3341 1006 3397 Numen,
1030 3351 1062 3383 2¹1
1084 3334 1167 3384 flam

111 3420 226 3473 popm
243 3418 332 3469 Livius
351 3419 425 3481 (mh
437 3417 483 3484 EP-
496 3419 553 3468 pbr,
566 3418 612 3481 57)
667 3401 764 3450 wieder
786 3401 913 3464 glenzvoll
935 3401 1095 3451 ouizutrcten
1118 3401 1168 3451 oud

111 3487 252 3539 pomo„
262 3487 377 3536 mppnt
387 3485 460 3535 ΝΜ,
669 3469 694 3518 in
706 3469 753 3517 den
765 3467 966 3534 Parteikiimpien
983 3476 1063 3518 auvos
1076 3469 1167 3518 durch·

148 3554 174 3605 5,
198 3551 387 3621 &mmm
401 3556 427 3602 i„
481 3555 547 3603 emp..
567 3568 614 3602 un.
669 3543 800 3586 zusctzen.
834 3535 916 3584 Durcb
929 3540 1047 3602 potenter
1064 3535 1099 3584 ist
1113 3536 1169 3585 bier

112 3629 157 3675 m·
171 3621 220 3671 (ιω,
235 3620 425 3683 „pwpepjggpen
466 3620 538 3681 inge„
552 3621 615 3669 noch
670 3603 784 3681 zupleieb
809 3603 848 3651 ibr
870 3603 1168 3682 aomnossendcseigen-

113 3689 253 3741 pompm
265 3687 406 3750 ,ὠνήθη
423 3687 475 3736 per
484 3685 570 3736 Gfflnp
582 3686 616 3735 pm
669 3672 805 3732 rnechtrges
815 3669 953 3718 Renebmcn
965 3684 1045 3733 gegon
1053 3671 1092 3720 dre
1102 3670 1168 3720 Bue-

113 3754 249 3820 fopgfflp„
265 3770 375 3821 puomm
385 3752 497 3805 armum
509 3789 531 3803 ..
544 3752 616 3803 sopp,
671 3739 839 3800 desgenossen
862 3736 1024 3801 bezeichnet,
1047 3752 1168 3802 wogegen

150 3836 261 3903 mm
271 3821 381 3873 mn
396 3827 445 3870 εκ,
473 3819 574 3883 chen
589 3820 613 3870 (1,
671 3805 740 3855 diese
754 3803 1014 3866 obnm'tiebtigworcn.

115 3890 247 3944 mmmm
259 3905 292 3939 zu
303 3888 357 3938 Cet.
370 3886 394 3952 3,
407 3885 432 3937 3.
705 3886 871 3940 mediocrem
884 3903 915 3937 zu
927 3887 955 3953 6,
968 3888 992 3941 3.
