2564 4380
363 277 407 328 DE
425 275 532 327 BELLO
549 274 704 328 Iunonie.
738 274 766 324 C.
784 271 903 324 44-46.
1100 275 1159 335 147

103 440 241 512 portaret
270 432 311 492 lto
326 431 510 511 prohibendo
526 449 541 490 a
558 427 668 488 dehetis
683 427 774 506 magis
789 446 875 506 quam
889 427 1062 488 vindicando
1078 446 1159 488 exer·
1180 436 1196 486 3

105 517 194 576 citum
209 517 286 576 brevi
302 515 490 576 confirmavit

188 601 297 661 Interea
308 602 453 678 Iugurtha,
469 599 518 659 ubi
533 617 605 676 quae
615 597 744 658 Metellus
759 597 859 674 agebat
872 618 906 658 ex
917 597 1027 658 nuntiis
1039 598 1157 676 accepit,
1170 593 1212 655 46

103 684 189 746 simul
208 686 243 745 de
262 684 427 745 innocentia
442 684 503 744 eius
520 683 625 743 certior
639 684 750 742 Romae
765 683 869 752 lactus,
889 682 1018 742 dillidere
1032 683 1094 743 suis
1109 701 1157 742 re-

101 769 172 842 bus}
186 789 219 829 ac
232 779 296 830 tum
311 771 428 829 demum
442 764 539 829 veram
555 767 731 826 deditionem
745 767 838 826 lacere
853 775 973 826 conatus
988 774 1040 827 est.
1067 767 1158 845 Igitur
1178 775 1195 825 2

101 854 213 931 legatos
230 855 265 914 ad
287 853 437 914 consulein
454 872 520 913 cum
536 851 684 930 suppliciis
700 850 799 922 mittit,
819 850 868 928 qui
883 852 1084 912 tantummodo
1100 851 1158 930 ipsi

101 938 256 1016 liberisque
273 938 360 998 vitem
381 945 523 1017 peterent,
543 937 595 996 alia
613 935 713 995 omnia
732 936 869 995 dederent
887 936 997 1014 populo
1013 936 1157 1015 Romano.

102 1023 160 1083 Sed
174 1022 286 1082 Metello
305 1022 362 1082 iam
381 1030 464 1082 antea
482 1021 685 1099 experimentis
706 1019 855 1096 cognitum
874 1028 935 1079 erat
949 1036 1040 1097 genus
1055 1020 1157 1081 Numi·
1178 1029 1194 1079 3
1270 1084 1278 1095 ,

101 1108 205 1166 darum
220 1105 351 1178 infidum,
366 1105 481 1183 ingenio
493 1104 602 1175 mobili,
616 1123 758 1165 novarum
770 1123 869 1163 rerum
879 1103 994 1163 aridum
1005 1123 1077 1164 csse.
1100 1104 1157 1164 lta-
1178 1113 1196 1162 4

101 1208 158 1268 quc
178 1191 286 1266 legatos
306 1189 393 1249 alium
414 1191 449 1253 ab
469 1189 524 1250 alio
545 1189 679 1249 divorsos
695 1189 859 1265 aggreditur
873 1207 908 1248 ac
922 1187 1069 1266 paullatim
1084 1196 1158 1247 tcm-

101 1273 225 1352 ptando,
250 1282 406 1351 postquam
431 1281 615 1352 opportunos
635 1273 690 1332 sibi
710 1273 859 1350 cognorit,
883 1273 974 1333 multa
993 1271 1159 1350 pollicendo

101 1359 263 1436 persuadet,
278 1357 319 1417 uti
334 1358 501 1435 lugcutham
516 1376 649 1417 maxume
663 1357 772 1428 virum,
787 1357 833 1416 sin
848 1356 877 1416 id
893 1375 997 1435 parum
1012 1355 1159 1436 procedat,

100 1450 236 1501 necatum
252 1441 306 1501 sibi
320 1442 479 1516 traderent3
496 1449 621 1502 ceterum
636 1442 739 1520 palam,
755 1460 827 1519 quae
841 1461 876 1501 ex
891 1442 1037 1503 voluntate
1052 1442 1157 1514 forent

54 1522 60 1539 ⁸
98 1525 160 1603 regi
184 1526 309 1586 nuntiari
329 1526 414 1587 iubet.
445 1525 552 1586 Deinde
570 1526 635 1605 ipse
648 1526 748 1605 paucis
765 1526 865 1585 dicbus
881 1525 992 1585 intento
1008 1534 1094 1603 atque
1109 1524 1155 1584 in-
1178 1535 1193 1589 5

99 1612 173 1670 sesto
194 1611 320 1670 exercitu
338 1613 369 1672 in
383 1611 547 1671 Numidiam
563 1611 707 1689 procedit,
726 1610 776 1669 ubi
793 1619 893 1670 contra
908 1610 975 1670 belli
990 1610 1093 1670 faciem
1109 1618 1156 1669 tu-

99 1695 180 1773 giuia
194 1696 278 1773 plena
292 1695 459 1768 hominum,
479 1686 585 1774 pecora
601 1696 782 1772 cidtorescpue
797 1695 827 1753 in
842 1695 918 1772 agris
934 1704 1029 1767 cramt3
1049 1714 1083 1754 ex
1100 1713 1156 1773 op·
1250 1756 1254 1763 ,

98 1779 176 1859 pidis
197 1788 224 1840 ct
242 1778 403 1858 mapalibus
424 1779 559 1859 praelecti
573 1781 648 1857 regis
665 1778 741 1838 obvii
757 1778 965 1857 procedebant,
986 1778 1078 1857 parati
1093 1779 1107 1837 l
1141 1812 1156 1822 -

97 1872 229 1923 mentum
244 1865 320 1935 dare,
335 1872 532 1924 commeatum
547 1872 672 1941 portare,
686 1872 836 1940 postremo
854 1863 960 1933 omnia,
975 1883 1048 1941 quae
1062 1863 1157 1942 impe-

97 1956 243 2018 rarentur,
263 1949 363 2007 lacere.
392 1948 497 2027 Neque
506 1946 632 2006 Metellus
648 1947 753 2006 iccirco
769 1947 881 2018 minue,
897 1947 947 2005 scd
963 1947 1069 2024 pariter
1084 1966 1118 2007 ac
1131 1945 1156 2006 si
1177 1957 1193 2006 6

98 2032 200 2091 hostes
221 2032 356 2105 adessent
374 2031 487 2090 munito
508 2031 622 2107 agmine
641 2030 784 2101 incedere,
808 2029 864 2099 late
881 2030 1031 2108 explorare
1050 2030 1157 2101 omnia,

100 2115 147 2175 illa
168 2114 320 2177 deditionis
340 2114 423 2192 signa
443 2114 568 2174 ostentui
589 2115 704 2174 credere
723 2121 750 2173 ct
769 2113 883 2173 insidiis
898 2115 997 2173 locum
1013 2112 1157 2191 temptari.

100 2200 199 2276 ltaque
213 2199 276 2276 ipse
292 2218 359 2258 cum
374 2199 512 2277 expeditis
529 2199 706 2270 cohortibus,
721 2198 790 2260 item
805 2197 985 2271 funditorum
1001 2206 1028 2258 et
1040 2197 1158 2275 sagitta·
1180 2211 1195 2260 7

57 2359 60 2364 Ι
100 2283 214 2344 ι·ἰοιιιιιι
234 2283 341 2343 delecta
360 2289 449 2343 manu
465 2284 544 2361 apud
565 2282 677 2362 primos
698 2290 772 2355 crat3
790 2282 821 2341 in
837 2291 988 2361 postremo
1005 2281 1034 2342 d.
1051 2281 1158 2343 llarius

99 2369 209 2447 legatus
226 2387 292 2428 cum
305 2368 447 2446 equitibus
460 2367 589 2441 curabat3
604 2367 635 2426 in
646 2376 801 2445 utrumque
812 2367 886 2427 latus
898 2366 1062 2428 auxiliarios
1076 2366 1159 2445 equi·

135 2544 185 2605 46.
206 2553 228 2602 1.
245 2556 401 2603 canocentr'u:
412 2569 445 2602 zu
457 2552 511 2603 Cat.
523 2552 562 2615 12,
578 2552 602 2602 1.
655 2554 688 2602 im
699 2553 870 2615 Allgemeinen
888 2553 955 2602 nicht
970 2552 1105 2615 abgcncigt
1121 2550 1159 2600 sei

133 2620 159 2671 2.
176 2621 319 2688 supplicos:
336 2622 466 2671 entweder
481 2621 597 2670 wieCat,
654 2637 680 2670 u.
697 2622 747 2683 dgl.
765 2621 848 2682 mehr,
873 2616 935 2669 lium
960 2620 1043 2669 lautcr
1069 2618 1158 2681 hingo,

101 2687 147 2751 52,
164 2688 209 2748 293
232 2688 283 2750 lug.
300 2688 345 2751 tt,
366 2688 395 2749 23
418 2690 480 2738 oder
500 2704 527 2736 es
545 2689 602 2737 sind
656 2689 696 2736 dic
710 2704 739 2736 er
750 2703 812 2750 geru
824 2689 903 2736 ho'rcn
915 2688 1010 2736 werde.

100 2757 220 2817 daruntcr
236 2756 275 2804 dic
286 2755 395 2805 Zeichen
414 2772 445 2804 zu
457 2757 601 2818 verstehea,
690 2773 714 2820 5,
740 2773 851 2836 moggo,
871 2770 1005 2833 eigenffifp
1049 2769 1082 2817 im
1099 2767 1159 2817 Εῑῃ.

100 2824 194 2871 wclche
216 2824 255 2871 die
277 2839 317 2872 um
339 2823 446 2871 Frieden
472 2822 601 2871 bittenden
656 2840 760 2901 ,mugen
781 2838 825 2887 auf
844 2838 892 2886 de„
913 2837 991 2886 peimi
1015 2806 1160 2897 figgppffenu

102 2889 245 2940 Gesandten
259 2890 456 2951 (caduceatores)
470 2904 501 2936 zu
513 2895 602 2956 tragon
656 2907 710 2955 aps„
723 2903 956 2968 „angppffspefflgu'

100 2957 384 3035 pilegten,·gewithnliclp
395 2956 455 3034 ⁰⁰¹3
468 2954 603 3027 odcrlror-
691 3003 780 3037 comm.
796 2991 916 3054 portare:
956 2987 1003 3035 den
1019 2983 1158 3048 ffiegsbe-

100 3023 271 3086 beemwcrge3
283 3025 347 3072 donn
357 3023 531 3072 diesehressen
541 3022 603 3070 auch
657 3055 716 3104 Μ
725 3023 950 3104 fortwsehaffend}

100 3093 226 3154 geradezu
239 3090 369 3158 supplitiu-
692 3139 716 3187 6,
734 3155 828 3203 nequa,-
840 3154 873 3186 zu
886 3136 931 3199 20,
949 3136 973 3187 6.

134 3176 159 3225 4.
177 3175 309 3225 divorsos:
320 3174 370 3223 uic
383 3173 437 3251 Cot.
450 3172 497 3235 20,
511 3171 535 3220 5.

133 3259 268 3326 procedat:
285 3257 368 3308 Ueber
385 3258 429 3306 das
446 3255 554 3322 Tempus
572 3272 604 3304 ιιι

101 3326 155 3375 Cat.
178 3325 222 3388 32,
248 3325 277 3385 23
304 3325 345 3374 iib.
366 3325 389 3373 d.
412 3324 545 3374 husdruck
571 3339 611 3373 zu·

102 3393 134 3441 35
165 3392 190 3440 4.

133 3431 233 3543 fialam:
262 3476 295 3526 im
321 3476 463 3539 Gegensatz
493 3493 525 3526 zu
551 3477 602 3526 den

100 3544 455 3608 gebeimenVcrhcndlungcn,
467 3546 515 3594 wie
525 3544 567 3607 29,
577 3544 602 3593 4,

134 3645 214 3695 quac.
225 3666 231 3678 .
241 3630 366 3693 ,serente
382 3629 456 3678 niiml.
468 3632 533 3693 rogi.
555 3628 602 3677 Dic

99 3699 218 3748 Antwort
231 3696 265 3746 ist
281 3696 427 3745 absicbtlich
443 3696 603 3745 unbestimmt

98 3767 148 3815 und
160 3765 292 3826 allgemein
305 3765 435 3826 gehalt'cn3
448 3764 500 3826 vgl.
512 3763 557 3826 47,
570 3763 600 3822 43

99 3834 149 3882 sie*
166 3833 258 3882 solltcn
288 3833 343 3882 dem
368 3829 451 3894 libnig
480 3831 609 3893 llollouug·

99 3892 213 3966 rnnchcir,
237 3900 286 3949 ihm
304 3915 393 3964 sager,
415 3900 463 3948 wie
480 3897 600 3948 Metellus

691 3209 789 3256 tremelio
810 3208 925 3270 agmone:
950 3221 996 3254 zur
1016 3203 1161 3267 Erlrliirung

658 3273 734 3338 s.§l
748 3272 942 3322 uebstd.hnm.

692 3344 817 3391 oatmrtm':
833 3357 865 3390 zu
877 3339 922 3403 24,
942 3339 981 3390 10.

691 3412 739 3458 ins.
766 3408 849 3459 locum
875 3412 1008 3475 tenrptarr’:
1037 3407 1160 3470 abbiiugig

657 3492 705 3526 von
717 3476 828 3527 medere.
847 3476 898 3524 Der
911 3477 970 3525 Sinn
983 3476 1018 3524 ist
1033 3475 1094 3539 „die
1108 3473 1158 3524 Ge-

656 3545 721 3606 gend
732 3544 818 3593 werde
835 3544 911 3592 durch
928 3543 1000 3592 einen
1017 3541 1160 3593 llinterbalt

656 3612 762 3660 bedrobt
775 3610 905 3674 (unsicber
917 3610 1043 3674 gemacht,
1056 3606 1158 3672 gembr-

657 3680 744 3742 dct)“.

691 3764 715 3812 7.
741 3762 800 3813 culn
815 3766 952 3828 equitibus.-
973 3762 1091 3812 schliesst
1104 3760 1158 3809 sich

655 3831 817 3880 unmittelbar
827 3846 859 3879 nn
870 3830 970 3881 ¹liar-im
978 3830 1027 3896 leg.
1040 3844 1080 3890 nn,
1093 3828 1157 3876 ohne

655 3899 700 3946 mit
709 3914 765 3947 zum
774 3898 884 3949 Verbum
894 3914 925 3947 zu
934 3900 1058 3961 gehbren3
1072 3894 1113 3958 49,
1129 3893 1156 3952 1;

904 3983 956 4032 10*
