<?xml version="1.0" encoding="UTF-8"?>
<!DOCTYPE html PUBLIC "-//W3C//DTD XHTML 1.0 Transitional//EN"
    "http://www.w3.org/TR/xhtml1/DTD/xhtml1-transitional.dtd">
<html xmlns="http://www.w3.org/1999/xhtml" xml:lang="en" lang="en">
 <head>
  <title>
</title>
<meta http-equiv="Content-Type" content="text/html;charset=utf-8" />
  <meta name='ocr-system' content='tesseract 3.04.00' />
  <meta name='ocr-capabilities' content='ocr_page ocr_carea ocr_par ocr_line ocrx_word'/>
</head>
<body>
  <div class='ocr_page' id='page_1' title='image "./deconiurationec00jacogoog_0158.png"; bbox 0 0 2564 4380; ppageno 0'>
   <div class='ocr_carea' id='block_1_1' title="bbox 303 191 899 285">
    <p class='ocr_par' dir='ltr' id='par_1_1' title="bbox 303 191 899 285">
     <span class='ocr_line' id='line_1_1' title="bbox 303 191 899 285; baseline -0.002 -6"><span class='ocrx_word' id='word_1_1' title='bbox 303 232 306 237; x_wconf 94' lang='lat'>·</span> <span class='ocrx_word' id='word_1_2' title='bbox 357 229 401 279; x_wconf 80' lang='lat' dir='ltr'><strong>aa</strong></span> <span class='ocrx_word' id='word_1_3' title='bbox 419 229 527 280; x_wconf 79' lang='lat' dir='ltr'><strong>armo</strong></span> <span class='ocrx_word' id='word_1_4' title='bbox 545 227 699 285; x_wconf 85' lang='lat' dir='ltr'><strong>rocunrn.</strong></span> <span class='ocrx_word' id='word_1_5' title='bbox 734 229 762 279; x_wconf 83' lang='lat' dir='ltr'><strong>a.</strong></span> <span class='ocrx_word' id='word_1_6' title='bbox 781 191 899 279; x_wconf 71' lang='grc' dir='ltr'><strong>ιι-ἰι.</strong></span> 
     </span>
    </p>
   </div>
   <div class='ocr_carea' id='block_1_2' title="bbox 1097 233 1156 293">
    <p class='ocr_par' dir='ltr' id='par_1_2' title="bbox 1097 233 1156 293">
     <span class='ocr_line' id='line_1_2' title="bbox 1097 233 1156 293; baseline 0.017 -1"><span class='ocrx_word' id='word_1_7' title='bbox 1097 233 1156 293; x_wconf 88' lang='grc'><strong>145</strong></span> 
     </span>
    </p>
   </div>
   <div class='ocr_carea' id='block_1_3' title="bbox 61 381 1219 1385">
    <p class='ocr_par' dir='ltr' id='par_1_3' title="bbox 61 381 1194 1303">
     <span class='ocr_line' id='line_1_3' title="bbox 99 381 1157 461; baseline 0.001 -17"><span class='ocrx_word' id='word_1_8' title='bbox 99 383 234 445; x_wconf 84' lang='lat' dir='ltr'><strong>diffidens</strong></span> <span class='ocrx_word' id='word_1_9' title='bbox 246 382 331 443; x_wconf 78' lang='lat' dir='ltr'><strong>veteri</strong></span> <span class='ocrx_word' id='word_1_10' title='bbox 346 383 481 444; x_wconf 84' lang='lat' dir='ltr'><strong>exercitui</strong></span> <span class='ocrx_word' id='word_1_11' title='bbox 495 383 599 443; x_wconf 78' lang='lat' dir='ltr'><strong>milites</strong></span> <span class='ocrx_word' id='word_1_12' title='bbox 615 381 748 454; x_wconf 88' lang='lat' dir='ltr'><strong>scribere,</strong></span> <span class='ocrx_word' id='word_1_13' title='bbox 763 381 1046 461; x_wconf 85' lang='lat' dir='ltr'><strong>praesidiaundique</strong></span> <span class='ocrx_word' id='word_1_14' title='bbox 1057 401 1157 444; x_wconf 85' lang='lat' dir='ltr'><strong>accer-</strong></span> 
     </span>
     <span class='ocr_line' id='line_1_4' title="bbox 99 465 1156 546; baseline 0 -18"><span class='ocrx_word' id='word_1_15' title='bbox 99 487 178 540; x_wconf 90' lang='lat' dir='ltr'><strong>sere,</strong></span> <span class='ocrx_word' id='word_1_16' title='bbox 197 486 288 540; x_wconf 91' lang='lat' dir='ltr'><strong>arma,</strong></span> <span class='ocrx_word' id='word_1_17' title='bbox 305 467 372 541; x_wconf 86' lang='lat' dir='ltr'><strong>tela,</strong></span> <span class='ocrx_word' id='word_1_18' title='bbox 392 487 484 546; x_wconf 83' lang='lat' dir='ltr'><strong>equos</strong></span> <span class='ocrx_word' id='word_1_19' title='bbox 500 475 528 527; x_wconf 90' lang='lat' dir='ltr'><strong>et</strong></span> <span class='ocrx_word' id='word_1_20' title='bbox 544 475 636 527; x_wconf 90' lang='lat' dir='ltr'><strong>cetera</strong></span> <span class='ocrx_word' id='word_1_21' title='bbox 650 466 841 526; x_wconf 89' lang='lat' dir='ltr'><strong>instrumenta</strong></span> <span class='ocrx_word' id='word_1_22' title='bbox 856 465 971 526; x_wconf 88' lang='lat' dir='ltr'><strong>militiae</strong></span> <span class='ocrx_word' id='word_1_23' title='bbox 987 485 1102 544; x_wconf 86' lang='lat' dir='ltr'><strong>parare,</strong></span> <span class='ocrx_word' id='word_1_24' title='bbox 1120 467 1156 528; x_wconf 91' lang='lat' dir='ltr'><strong>ad</strong></span> 
     </span>
     <span class='ocr_line' id='line_1_5' title="bbox 61 550 1156 629; baseline 0.005 -22"><span class='ocrx_word' id='word_1_25' title='bbox 61 597 65 607; x_wconf 76' lang='grc'>,</span> <span class='ocrx_word' id='word_1_26' title='bbox 99 553 159 612; x_wconf 91' lang='lat' dir='ltr'><strong>hoc</strong></span> <span class='ocrx_word' id='word_1_27' title='bbox 179 555 373 613; x_wconf 79' lang='lat' dir='ltr'><strong>commeatum</strong></span> <span class='ocrx_word' id='word_1_28' title='bbox 392 552 512 624; x_wconf 78' lang='lat' dir='ltr'><strong>allatim,</strong></span> <span class='ocrx_word' id='word_1_29' title='bbox 533 551 655 629; x_wconf 88' lang='lat' dir='ltr'><strong>denique</strong></span> <span class='ocrx_word' id='word_1_30' title='bbox 676 550 786 622; x_wconf 86' lang='lat' dir='ltr'><strong>omnia,</strong></span> <span class='ocrx_word' id='word_1_31' title='bbox 805 550 924 628; x_wconf 90' lang='lat' dir='ltr'><strong>quaein</strong></span> <span class='ocrx_word' id='word_1_32' title='bbox 943 550 1017 610; x_wconf 92' lang='lat' dir='ltr'><strong>bello</strong></span> <span class='ocrx_word' id='word_1_33' title='bbox 1033 551 1112 611; x_wconf 91' lang='lat' dir='ltr'><strong>vario</strong></span> <span class='ocrx_word' id='word_1_34' title='bbox 1128 559 1156 612; x_wconf 86' lang='lat' dir='ltr'><strong>et</strong></span> 
     </span>
     <span class='ocr_line' id='line_1_6' title="bbox 97 634 1194 713; baseline 0.002 -18"><span class='ocrx_word' id='word_1_35' title='bbox 97 636 255 696; x_wconf 86' lang='lat' dir='ltr'><strong>nmltamm</strong></span> <span class='ocrx_word' id='word_1_36' title='bbox 270 652 368 710; x_wconf 91' lang='lat' dir='ltr'><strong>rerum</strong></span> <span class='ocrx_word' id='word_1_37' title='bbox 383 637 476 713; x_wconf 87' lang='lat' dir='ltr'><strong>egenti</strong></span> <span class='ocrx_word' id='word_1_38' title='bbox 491 636 558 696; x_wconf 86' lang='lat' dir='ltr'><strong>usui</strong></span> <span class='ocrx_word' id='word_1_39' title='bbox 572 655 636 696; x_wconf 88' lang='lat' dir='ltr'><strong>esse</strong></span> <span class='ocrx_word' id='word_1_40' title='bbox 651 635 755 703; x_wconf 85' lang='lat' dir='ltr'><strong>solent.</strong></span> <span class='ocrx_word' id='word_1_41' title='bbox 778 634 909 694; x_wconf 83' lang='lat' dir='ltr'><strong>Ceterum</strong></span> <span class='ocrx_word' id='word_1_42' title='bbox 924 635 960 694; x_wconf 92' lang='lat' dir='ltr'><strong>ad</strong></span> <span class='ocrx_word' id='word_1_43' title='bbox 972 655 1003 694; x_wconf 90' lang='lat' dir='ltr'><strong>ea</strong></span> <span class='ocrx_word' id='word_1_44' title='bbox 1015 636 1155 713; x_wconf 91' lang='lat' dir='ltr'><strong>patranda</strong></span> <span class='ocrx_word' id='word_1_45' title='bbox 1176 646 1194 697; x_wconf 83' lang='lat'>4</span> 
     </span>
     <span class='ocr_line' id='line_1_7' title="bbox 99 719 1154 798; baseline 0.002 -19"><span class='ocrx_word' id='word_1_46' title='bbox 99 727 216 781; x_wconf 90' lang='lat' dir='ltr'><strong>senatus</strong></span> <span class='ocrx_word' id='word_1_47' title='bbox 232 721 411 791; x_wconf 87' lang='lat' dir='ltr'><strong>auctoritate,</strong></span> <span class='ocrx_word' id='word_1_48' title='bbox 427 720 501 780; x_wconf 90' lang='lat' dir='ltr'><strong>socii</strong></span> <span class='ocrx_word' id='word_1_49' title='bbox 515 738 680 798; x_wconf 83' lang='lat' dir='ltr'><strong>nomenque</strong></span> <span class='ocrx_word' id='word_1_50' title='bbox 693 719 828 779; x_wconf 90' lang='lat' dir='ltr'><strong>Latinum</strong></span> <span class='ocrx_word' id='word_1_51' title='bbox 843 726 871 778; x_wconf 91' lang='lat' dir='ltr'><strong>et</strong></span> <span class='ocrx_word' id='word_1_52' title='bbox 884 737 965 795; x_wconf 89' lang='lat' dir='ltr'><strong>reges</strong></span> <span class='ocrx_word' id='word_1_53' title='bbox 980 719 1056 779; x_wconf 92' lang='lat' dir='ltr'><strong>ultro</strong></span> <span class='ocrx_word' id='word_1_54' title='bbox 1073 720 1154 781; x_wconf 74' lang='lat' dir='ltr'><strong>auxi·</strong></span> 
     </span>
     <span class='ocr_line' id='line_1_8' title="bbox 98 803 1153 884; baseline 0.001 -20"><span class='ocrx_word' id='word_1_55' title='bbox 98 804 135 864; x_wconf 89' lang='lat' dir='ltr'><strong>lia</strong></span> <span class='ocrx_word' id='word_1_56' title='bbox 149 805 310 877; x_wconf 91' lang='lat' dir='ltr'><strong>mittundo,</strong></span> <span class='ocrx_word' id='word_1_57' title='bbox 325 813 475 884; x_wconf 90' lang='lat' dir='ltr'><strong>postremo</strong></span> <span class='ocrx_word' id='word_1_58' title='bbox 493 805 589 877; x_wconf 93' lang='lat' dir='ltr'><strong>omnis</strong></span> <span class='ocrx_word' id='word_1_59' title='bbox 607 804 704 864; x_wconf 87' lang='lat' dir='ltr'><strong>civitas</strong></span> <span class='ocrx_word' id='word_1_60' title='bbox 720 822 837 863; x_wconf 92' lang='lat' dir='ltr'><strong>summo</strong></span> <span class='ocrx_word' id='word_1_61' title='bbox 854 803 949 862; x_wconf 88' lang='lat' dir='ltr'><strong>studio</strong></span> <span class='ocrx_word' id='word_1_62' title='bbox 965 804 1153 865; x_wconf 83' lang='lat' dir='ltr'><strong>annitebatur.</strong></span> 
     </span>
     <span class='ocr_line' id='line_1_9' title="bbox 99 885 1192 967; baseline 0.002 -19"><span class='ocrx_word' id='word_1_63' title='bbox 99 889 197 967; x_wconf 90' lang='lat' dir='ltr'><strong>ltaque</strong></span> <span class='ocrx_word' id='word_1_64' title='bbox 216 909 250 948; x_wconf 82' lang='lat' dir='ltr'><strong>ex</strong></span> <span class='ocrx_word' id='word_1_65' title='bbox 271 888 415 948; x_wconf 82' lang='lat' dir='ltr'><strong>sententia</strong></span> <span class='ocrx_word' id='word_1_66' title='bbox 428 889 564 949; x_wconf 89' lang='lat' dir='ltr'><strong>omnibus</strong></span> <span class='ocrx_word' id='word_1_67' title='bbox 579 888 666 948; x_wconf 88' lang='lat' dir='ltr'><strong>rebus</strong></span> <span class='ocrx_word' id='word_1_68' title='bbox 682 887 788 967; x_wconf 89' lang='lat' dir='ltr'><strong>paratis</strong></span> <span class='ocrx_word' id='word_1_69' title='bbox 805 885 1033 965; x_wconf 88' lang='lat' dir='ltr'><strong>compositisque</strong></span> <span class='ocrx_word' id='word_1_70' title='bbox 1047 888 1078 947; x_wconf 91' lang='lat' dir='ltr'><strong>in</strong></span> <span class='ocrx_word' id='word_1_71' title='bbox 1092 888 1154 949; x_wconf 92' lang='lat' dir='ltr'><strong>Nu·</strong></span> <span class='ocrx_word' id='word_1_72' title='bbox 1175 900 1192 950; x_wconf 81' lang='lat'><strong>5</strong></span> 
     </span>
     <span class='ocr_line' id='line_1_10' title="bbox 99 972 1175 1052; baseline 0.002 -20"><span class='ocrx_word' id='word_1_73' title='bbox 99 972 220 1033; x_wconf 88' lang='lat' dir='ltr'><strong>midiam</strong></span> <span class='ocrx_word' id='word_1_74' title='bbox 240 973 449 1052; x_wconf 86' lang='lat' dir='ltr'><strong>proficiscitur,</strong></span> <span class='ocrx_word' id='word_1_75' title='bbox 469 991 573 1050; x_wconf 84' lang='lat' dir='ltr'><strong>magna</strong></span> <span class='ocrx_word' id='word_1_76' title='bbox 593 991 645 1051; x_wconf 90' lang='lat' dir='ltr'><strong>spe</strong></span> <span class='ocrx_word' id='word_1_77' title='bbox 660 972 778 1043; x_wconf 87' lang='lat' dir='ltr'><strong>civium,</strong></span> <span class='ocrx_word' id='word_1_78' title='bbox 799 989 864 1031; x_wconf 85' lang='lat' dir='ltr'><strong>oum</strong></span> <span class='ocrx_word' id='word_1_79' title='bbox 881 978 1002 1051; x_wconf 86' lang='lat' dir='ltr'><strong>propter</strong></span> <span class='ocrx_word' id='word_1_80' title='bbox 1015 972 1084 1032; x_wconf 90' lang='lat' dir='ltr'><strong>artis</strong></span> <span class='ocrx_word' id='word_1_81' title='bbox 1100 973 1175 1034; x_wconf 79' lang='lat' dir='ltr'><strong>bo·-</strong></span> 
     </span>
     <span class='ocr_line' id='line_1_11' title="bbox 99 1052 1157 1135; baseline -0.001 -19"><span class='ocrx_word' id='word_1_82' title='bbox 99 1071 163 1130; x_wconf 87' lang='lat' dir='ltr'><strong>nas,</strong></span> <span class='ocrx_word' id='word_1_83' title='bbox 177 1065 240 1116; x_wconf 92' lang='lat' dir='ltr'><strong>tum</strong></span> <span class='ocrx_word' id='word_1_84' title='bbox 255 1075 402 1129; x_wconf 87' lang='lat' dir='ltr'><strong>maxume,</strong></span> <span class='ocrx_word' id='word_1_85' title='bbox 417 1057 496 1134; x_wconf 89' lang='lat' dir='ltr'><strong>quod</strong></span> <span class='ocrx_word' id='word_1_86' title='bbox 511 1058 667 1117; x_wconf 84' lang='lat' dir='ltr'><strong>advorsum</strong></span> <span class='ocrx_word' id='word_1_87' title='bbox 683 1055 793 1116; x_wconf 89' lang='lat' dir='ltr'><strong>divitias</strong></span> <span class='ocrx_word' id='word_1_88' title='bbox 809 1052 947 1114; x_wconf 88' lang='lat' dir='ltr'><strong>invictum</strong></span> <span class='ocrx_word' id='word_1_89' title='bbox 962 1055 1091 1115; x_wconf 90' lang='lat' dir='ltr'><strong>animum</strong></span> <span class='ocrx_word' id='word_1_90' title='bbox 1106 1076 1157 1135; x_wconf 88' lang='lat' dir='ltr'><strong>ge·</strong></span> 
     </span>
     <span class='ocr_line' id='line_1_12' title="bbox 100 1138 1158 1218; baseline 0.001 -18"><span class='ocrx_word' id='word_1_91' title='bbox 100 1140 190 1213; x_wconf 90' lang='lat' dir='ltr'><strong>rebat,</strong></span> <span class='ocrx_word' id='word_1_92' title='bbox 205 1149 233 1199; x_wconf 90' lang='lat' dir='ltr'><strong>et</strong></span> <span class='ocrx_word' id='word_1_93' title='bbox 246 1140 360 1200; x_wconf 82' lang='lat' dir='ltr'><strong>avaritia</strong></span> <span class='ocrx_word' id='word_1_94' title='bbox 374 1141 594 1218; x_wconf 80' lang='lat' dir='ltr'><strong>magistratuum</strong></span> <span class='ocrx_word' id='word_1_95' title='bbox 610 1148 675 1200; x_wconf 88' lang='lat' dir='ltr'><strong>ante</strong></span> <span class='ocrx_word' id='word_1_96' title='bbox 686 1140 715 1199; x_wconf 94' lang='lat' dir='ltr'><strong>id</strong></span> <span class='ocrx_word' id='word_1_97' title='bbox 727 1147 843 1218; x_wconf 89' lang='lat' dir='ltr'><strong>tempus</strong></span> <span class='ocrx_word' id='word_1_98' title='bbox 855 1139 885 1198; x_wconf 93' lang='lat' dir='ltr'><strong>in</strong></span> <span class='ocrx_word' id='word_1_99' title='bbox 896 1138 1029 1199; x_wconf 82' lang='lat' dir='ltr'><strong>Numidia</strong></span> <span class='ocrx_word' id='word_1_100' title='bbox 1040 1148 1158 1201; x_wconf 87' lang='lat' dir='ltr'><strong>nostrae</strong></span> 
     </span>
     <span class='ocr_line' id='line_1_13' title="bbox 102 1225 745 1303; baseline 0 -19"><span class='ocrx_word' id='word_1_101' title='bbox 102 1243 175 1302; x_wconf 89' lang='lat' dir='ltr'><strong>opes</strong></span> <span class='ocrx_word' id='word_1_102' title='bbox 192 1231 329 1284; x_wconf 88' lang='lat' dir='ltr'><strong>contusae</strong></span> <span class='ocrx_word' id='word_1_103' title='bbox 343 1225 529 1303; x_wconf 87' lang='lat' dir='ltr'><strong>hostiumque</strong></span> <span class='ocrx_word' id='word_1_104' title='bbox 544 1233 642 1284; x_wconf 89' lang='lat' dir='ltr'><strong>auctae</strong></span> <span class='ocrx_word' id='word_1_105' title='bbox 656 1231 745 1284; x_wconf 87' lang='lat' dir='ltr'><strong>erant.</strong></span> 
     </span>
    </p>

    <p class='ocr_par' dir='ltr' id='par_1_4' title="bbox 136 1305 1219 1385">
     <span class='ocr_line' id='line_1_14' title="bbox 136 1305 1219 1385; baseline 0.002 -16"><span class='ocrx_word' id='word_1_106' title='bbox 136 1365 137 1369; x_wconf 75' lang='grc'>,</span> <span class='ocrx_word' id='word_1_107' title='bbox 189 1306 246 1367; x_wconf 86' lang='lat' dir='ltr'><strong>Sed</strong></span> <span class='ocrx_word' id='word_1_108' title='bbox 265 1307 314 1367; x_wconf 75' lang='lat' dir='ltr'><strong>arbi</strong></span> <span class='ocrx_word' id='word_1_109' title='bbox 328 1308 359 1367; x_wconf 93' lang='lat' dir='ltr'><strong>in</strong></span> <span class='ocrx_word' id='word_1_110' title='bbox 372 1309 499 1369; x_wconf 81' lang='lat' dir='ltr'><strong>Africam</strong></span> <span class='ocrx_word' id='word_1_111' title='bbox 513 1309 602 1380; x_wconf 84' lang='lat' dir='ltr'><strong>venit,</strong></span> <span class='ocrx_word' id='word_1_112' title='bbox 621 1307 761 1368; x_wconf 85' lang='lat' dir='ltr'><strong>exercitus</strong></span> <span class='ocrx_word' id='word_1_113' title='bbox 777 1307 802 1366; x_wconf 92' lang='lat' dir='ltr'><strong>ei</strong></span> <span class='ocrx_word' id='word_1_114' title='bbox 817 1306 970 1367; x_wconf 89' lang='lat' dir='ltr'><strong>traditura</strong></span> <span class='ocrx_word' id='word_1_115' title='bbox 985 1306 1035 1385; x_wconf 92' lang='lat' dir='ltr'><strong>Sp.</strong></span> <span class='ocrx_word' id='word_1_116' title='bbox 1052 1305 1155 1368; x_wconf 83' lang='lat' dir='ltr'><strong>Albino</strong></span> <span class='ocrx_word' id='word_1_117' title='bbox 1170 1311 1219 1376; x_wconf 80' lang='grc'><strong>44,</strong></span> 
     </span>
    </p>
   </div>
   <div class='ocr_carea' id='block_1_4' title="bbox 102 1390 1255 1471">
    <p class='ocr_par' dir='ltr' id='par_1_5' title="bbox 102 1390 1255 1471">
     <span class='ocr_line' id='line_1_15' title="bbox 102 1390 1255 1471; baseline 0 -20"><span class='ocrx_word' id='word_1_118' title='bbox 102 1392 281 1470; x_wconf 86' lang='lat' dir='ltr'><strong>proconsule</strong></span> <span class='ocrx_word' id='word_1_119' title='bbox 299 1392 391 1466; x_wconf 70' lang='lat' dir='ltr'><strong>iners,</strong></span> <span class='ocrx_word' id='word_1_120' title='bbox 410 1392 545 1465; x_wconf 92' lang='lat' dir='ltr'><strong>imbellis,</strong></span> <span class='ocrx_word' id='word_1_121' title='bbox 565 1411 658 1471; x_wconf 87' lang='lat' dir='ltr'><strong>noque</strong></span> <span class='ocrx_word' id='word_1_122' title='bbox 673 1391 792 1470; x_wconf 86' lang='lat' dir='ltr'><strong>periculi</strong></span> <span class='ocrx_word' id='word_1_123' title='bbox 806 1409 900 1469; x_wconf 88' lang='lat' dir='ltr'><strong>neque</strong></span> <span class='ocrx_word' id='word_1_124' title='bbox 913 1390 1021 1450; x_wconf 90' lang='lat' dir='ltr'><strong>laboris</strong></span> <span class='ocrx_word' id='word_1_125' title='bbox 1037 1390 1158 1469; x_wconf 83' lang='lat' dir='ltr'><strong>patiens,</strong></span> <span class='ocrx_word' id='word_1_126' title='bbox 1252 1414 1255 1420; x_wconf 91' lang='lat'>·</span> 
     </span>
    </p>
   </div>
   <div class='ocr_carea' id='block_1_5' title="bbox 93 1474 1197 2478">
    <p class='ocr_par' dir='ltr' id='par_1_6' title="bbox 93 1474 1197 2478">
     <span class='ocr_line' id='line_1_16' title="bbox 101 1474 1158 1556; baseline 0.002 -22"><span class='ocrx_word' id='word_1_127' title='bbox 101 1476 200 1553; x_wconf 91' lang='lat' dir='ltr'><strong>lingua</strong></span> <span class='ocrx_word' id='word_1_128' title='bbox 214 1495 300 1554; x_wconf 88' lang='lat' dir='ltr'><strong>quam</strong></span> <span class='ocrx_word' id='word_1_129' title='bbox 315 1495 404 1537; x_wconf 92' lang='lat' dir='ltr'><strong>manu</strong></span> <span class='ocrx_word' id='word_1_130' title='bbox 418 1477 596 1556; x_wconf 88' lang='lat' dir='ltr'><strong>promptior,</strong></span> <span class='ocrx_word' id='word_1_131' title='bbox 611 1477 765 1556; x_wconf 87' lang='lat' dir='ltr'><strong>praedator</strong></span> <span class='ocrx_word' id='word_1_132' title='bbox 780 1495 814 1535; x_wconf 83' lang='lat' dir='ltr'><strong>ex</strong></span> <span class='ocrx_word' id='word_1_133' title='bbox 829 1475 917 1535; x_wconf 88' lang='lat' dir='ltr'><strong>sociis</strong></span> <span class='ocrx_word' id='word_1_134' title='bbox 933 1482 961 1534; x_wconf 90' lang='lat' dir='ltr'><strong>et</strong></span> <span class='ocrx_word' id='word_1_135' title='bbox 975 1474 1039 1553; x_wconf 91' lang='lat' dir='ltr'><strong>ipse</strong></span> <span class='ocrx_word' id='word_1_136' title='bbox 1054 1475 1158 1553; x_wconf 89' lang='lat' dir='ltr'><strong>praeda</strong></span> 
     </span>
     <span class='ocr_line' id='line_1_17' title="bbox 101 1558 1194 1640; baseline 0.003 -21"><span class='ocrx_word' id='word_1_137' title='bbox 101 1560 245 1632; x_wconf 87' lang='lat' dir='ltr'><strong>hostium,</strong></span> <span class='ocrx_word' id='word_1_138' title='bbox 265 1560 328 1620; x_wconf 88' lang='lat' dir='ltr'><strong>sine</strong></span> <span class='ocrx_word' id='word_1_139' title='bbox 346 1561 470 1640; x_wconf 89' lang='lat' dir='ltr'><strong>imperio</strong></span> <span class='ocrx_word' id='word_1_140' title='bbox 490 1569 517 1621; x_wconf 90' lang='lat' dir='ltr'><strong>et</strong></span> <span class='ocrx_word' id='word_1_141' title='bbox 530 1561 673 1622; x_wconf 90' lang='lat' dir='ltr'><strong>modestia</strong></span> <span class='ocrx_word' id='word_1_142' title='bbox 688 1560 810 1620; x_wconf 87' lang='lat' dir='ltr'><strong>habitus.</strong></span> <span class='ocrx_word' id='word_1_143' title='bbox 840 1560 882 1619; x_wconf 91' lang='lat' dir='ltr'><strong>lta</strong></span> <span class='ocrx_word' id='word_1_144' title='bbox 896 1558 1065 1639; x_wconf 87' lang='lat' dir='ltr'><strong>imperatori</strong></span> <span class='ocrx_word' id='word_1_145' title='bbox 1080 1577 1157 1619; x_wconf 85' lang='lat' dir='ltr'><strong>novo</strong></span> <span class='ocrx_word' id='word_1_146' title='bbox 1176 1572 1194 1622; x_wconf 82' lang='grc'>2</span> 
     </span>
     <span class='ocr_line' id='line_1_18' title="bbox 101 1643 1159 1723; baseline 0.001 -20"><span class='ocrx_word' id='word_1_147' title='bbox 101 1644 168 1723; x_wconf 93' lang='lat' dir='ltr'><strong>plus</strong></span> <span class='ocrx_word' id='word_1_148' title='bbox 188 1663 222 1704; x_wconf 89' lang='lat' dir='ltr'><strong>ex</strong></span> <span class='ocrx_word' id='word_1_149' title='bbox 240 1645 323 1705; x_wconf 86' lang='lat' dir='ltr'><strong>malis</strong></span> <span class='ocrx_word' id='word_1_150' title='bbox 344 1645 477 1705; x_wconf 92' lang='lat' dir='ltr'><strong>moribus</strong></span> <span class='ocrx_word' id='word_1_151' title='bbox 497 1645 697 1707; x_wconf 87' lang='lat' dir='ltr'><strong>sollicitudinis</strong></span> <span class='ocrx_word' id='word_1_152' title='bbox 717 1663 804 1722; x_wconf 88' lang='lat' dir='ltr'><strong>quarn</strong></span> <span class='ocrx_word' id='word_1_153' title='bbox 819 1663 852 1702; x_wconf 88' lang='lat' dir='ltr'><strong>ex</strong></span> <span class='ocrx_word' id='word_1_154' title='bbox 869 1643 953 1721; x_wconf 90' lang='lat' dir='ltr'><strong>copia</strong></span> <span class='ocrx_word' id='word_1_155' title='bbox 966 1643 1090 1704; x_wconf 90' lang='lat' dir='ltr'><strong>militum</strong></span> <span class='ocrx_word' id='word_1_156' title='bbox 1105 1662 1159 1704; x_wconf 89' lang='lat' dir='ltr'><strong>au-</strong></span> 
     </span>
     <span class='ocr_line' id='line_1_19' title="bbox 100 1727 1193 1807; baseline 0.001 -19"><span class='ocrx_word' id='word_1_157' title='bbox 100 1727 149 1788; x_wconf 84' lang='lat' dir='ltr'><strong>xili</strong></span> <span class='ocrx_word' id='word_1_158' title='bbox 164 1735 212 1788; x_wconf 89' lang='lat' dir='ltr'><strong>aut</strong></span> <span class='ocrx_word' id='word_1_159' title='bbox 227 1728 289 1807; x_wconf 88' lang='lat' dir='ltr'><strong>spei</strong></span> <span class='ocrx_word' id='word_1_160' title='bbox 302 1729 396 1790; x_wconf 91' lang='lat' dir='ltr'><strong>bonae</strong></span> <span class='ocrx_word' id='word_1_161' title='bbox 411 1730 569 1791; x_wconf 89' lang='lat' dir='ltr'><strong>accedebat.</strong></span> <span class='ocrx_word' id='word_1_162' title='bbox 601 1730 705 1790; x_wconf 87' lang='lat' dir='ltr'><strong>Statuit</strong></span> <span class='ocrx_word' id='word_1_163' title='bbox 719 1737 817 1789; x_wconf 89' lang='lat' dir='ltr'><strong>tamen</strong></span> <span class='ocrx_word' id='word_1_164' title='bbox 831 1727 968 1799; x_wconf 89' lang='lat' dir='ltr'><strong>Metellus,</strong></span> <span class='ocrx_word' id='word_1_165' title='bbox 983 1747 1158 1806; x_wconf 80' lang='lat' dir='ltr'><strong>quamquam</strong></span> <span class='ocrx_word' id='word_1_166' title='bbox 1177 1738 1193 1789; x_wconf 84' lang='grc'>3</span> 
     </span>
     <span class='ocr_line' id='line_1_20' title="bbox 101 1812 1157 1892; baseline 0.001 -20"><span class='ocrx_word' id='word_1_167' title='bbox 101 1819 130 1872; x_wconf 86' lang='lat' dir='ltr'><strong>et</strong></span> <span class='ocrx_word' id='word_1_168' title='bbox 144 1813 317 1882; x_wconf 84' lang='lat' dir='ltr'><strong>aestivorum</strong></span> <span class='ocrx_word' id='word_1_169' title='bbox 332 1823 449 1892; x_wconf 86' lang='lat' dir='ltr'><strong>tempus</strong></span> <span class='ocrx_word' id='word_1_170' title='bbox 464 1815 651 1874; x_wconf 87' lang='lat' dir='ltr'><strong>comitiomm</strong></span> <span class='ocrx_word' id='word_1_171' title='bbox 665 1832 749 1874; x_wconf 89' lang='lat' dir='ltr'><strong>mora</strong></span> <span class='ocrx_word' id='word_1_172' title='bbox 762 1812 955 1884; x_wconf 90' lang='lat' dir='ltr'><strong>imminuerat,</strong></span> <span class='ocrx_word' id='word_1_173' title='bbox 970 1820 1157 1890; x_wconf 84' lang='lat' dir='ltr'><strong>etexspecta·</strong></span> 
     </span>
     <span class='ocr_line' id='line_1_21' title="bbox 101 1896 1159 1974; baseline 0 -18"><span class='ocrx_word' id='word_1_174' title='bbox 101 1896 181 1956; x_wconf 92' lang='lat' dir='ltr'><strong>tione</strong></span> <span class='ocrx_word' id='word_1_175' title='bbox 200 1905 318 1957; x_wconf 88' lang='lat' dir='ltr'><strong>eventus</strong></span> <span class='ocrx_word' id='word_1_176' title='bbox 339 1897 444 1957; x_wconf 86' lang='lat' dir='ltr'><strong>civium</strong></span> <span class='ocrx_word' id='word_1_177' title='bbox 458 1898 571 1958; x_wconf 91' lang='lat' dir='ltr'><strong>animos</strong></span> <span class='ocrx_word' id='word_1_178' title='bbox 586 1897 714 1957; x_wconf 89' lang='lat' dir='ltr'><strong>intentos</strong></span> <span class='ocrx_word' id='word_1_179' title='bbox 729 1896 859 1974; x_wconf 89' lang='lat' dir='ltr'><strong>putabat,</strong></span> <span class='ocrx_word' id='word_1_180' title='bbox 878 1913 939 1954; x_wconf 91' lang='lat' dir='ltr'><strong>non</strong></span> <span class='ocrx_word' id='word_1_181' title='bbox 954 1897 1035 1973; x_wconf 87' lang='lat' dir='ltr'><strong>prius</strong></span> <span class='ocrx_word' id='word_1_182' title='bbox 1051 1896 1159 1956; x_wconf 89' lang='lat' dir='ltr'><strong>bellum</strong></span> 
     </span>
     <span class='ocr_line' id='line_1_22' title="bbox 93 1978 1156 2058; baseline 0 -18"><span class='ocrx_word' id='word_1_183' title='bbox 93 1980 242 2056; x_wconf 85' lang='lat' dir='ltr'><strong>attingere</strong></span> <span class='ocrx_word' id='word_1_184' title='bbox 268 1999 355 2057; x_wconf 88' lang='lat' dir='ltr'><strong>quam</strong></span> <span class='ocrx_word' id='word_1_185' title='bbox 379 1980 524 2057; x_wconf 83' lang='lat' dir='ltr'><strong>maiorum</strong></span> <span class='ocrx_word' id='word_1_186' title='bbox 549 1981 700 2058; x_wconf 88' lang='lat' dir='ltr'><strong>disciplina</strong></span> <span class='ocrx_word' id='word_1_187' title='bbox 723 1980 827 2038; x_wconf 91' lang='lat' dir='ltr'><strong>milites</strong></span> <span class='ocrx_word' id='word_1_188' title='bbox 852 1978 982 2039; x_wconf 89' lang='lat' dir='ltr'><strong>laborare</strong></span> <span class='ocrx_word' id='word_1_189' title='bbox 1006 1980 1156 2056; x_wconf 88' lang='lat' dir='ltr'><strong>coegisset.</strong></span> 
     </span>
     <span class='ocr_line' id='line_1_23' title="bbox 103 2063 1197 2141; baseline 0 -19"><span class='ocrx_word' id='word_1_190' title='bbox 103 2064 178 2122; x_wconf 86' lang='lat' dir='ltr'><strong>Nam</strong></span> <span class='ocrx_word' id='word_1_191' title='bbox 193 2063 313 2123; x_wconf 80' lang='lat' dir='ltr'><strong>Albinus</strong></span> <span class='ocrx_word' id='word_1_192' title='bbox 326 2063 390 2122; x_wconf 80' lang='lat' dir='ltr'><strong>Auli</strong></span> <span class='ocrx_word' id='word_1_193' title='bbox 409 2063 505 2122; x_wconf 81' lang='lat' dir='ltr'><strong>fratris</strong></span> <span class='ocrx_word' id='word_1_194' title='bbox 522 2065 720 2141; x_wconf 82' lang='lat' dir='ltr'><strong>exercitusque</strong></span> <span class='ocrx_word' id='word_1_195' title='bbox 736 2064 813 2122; x_wconf 87' lang='lat' dir='ltr'><strong>clade</strong></span> <span class='ocrx_word' id='word_1_196' title='bbox 828 2063 989 2140; x_wconf 90' lang='lat' dir='ltr'><strong>perculsus,</strong></span> <span class='ocrx_word' id='word_1_197' title='bbox 1003 2071 1159 2141; x_wconf 88' lang='lat' dir='ltr'><strong>postquam</strong></span> <span class='ocrx_word' id='word_1_198' title='bbox 1180 2072 1197 2122; x_wconf 86' lang='grc'><strong>4</strong></span> 
     </span>
     <span class='ocr_line' id='line_1_24' title="bbox 106 2146 1162 2225; baseline 0.001 -20"><span class='ocrx_word' id='word_1_199' title='bbox 106 2147 269 2206; x_wconf 89' lang='lat' dir='ltr'><strong>decreverat</strong></span> <span class='ocrx_word' id='word_1_200' title='bbox 287 2165 349 2206; x_wconf 91' lang='lat' dir='ltr'><strong>non</strong></span> <span class='ocrx_word' id='word_1_201' title='bbox 369 2146 465 2223; x_wconf 84' lang='lat' dir='ltr'><strong>egredi</strong></span> <span class='ocrx_word' id='word_1_202' title='bbox 485 2146 646 2225; x_wconf 86' lang='lat' dir='ltr'><strong>provincia,</strong></span> <span class='ocrx_word' id='word_1_203' title='bbox 666 2155 805 2224; x_wconf 84' lang='lat' dir='ltr'><strong>quantum</strong></span> <span class='ocrx_word' id='word_1_204' title='bbox 826 2146 966 2224; x_wconf 89' lang='lat' dir='ltr'><strong>temporis</strong></span> <span class='ocrx_word' id='word_1_205' title='bbox 986 2147 1162 2206; x_wconf 87' lang='lat' dir='ltr'><strong>aestivorum</strong></span> 
     </span>
     <span class='ocr_line' id='line_1_25' title="bbox 99 2229 1161 2309; baseline 0.002 -21"><span class='ocrx_word' id='word_1_206' title='bbox 99 2229 135 2289; x_wconf 75' lang='lat' dir='ltr'><strong>&#39;in</strong></span> <span class='ocrx_word' id='word_1_207' title='bbox 155 2230 277 2308; x_wconf 89' lang='lat' dir='ltr'><strong>imperia</strong></span> <span class='ocrx_word' id='word_1_208' title='bbox 298 2231 362 2303; x_wconf 88' lang='lat' dir='ltr'><strong>suit,</strong></span> <span class='ocrx_word' id='word_1_209' title='bbox 388 2231 557 2309; x_wconf 85' lang='lat' dir='ltr'><strong>plerumque</strong></span> <span class='ocrx_word' id='word_1_210' title='bbox 575 2231 678 2291; x_wconf 87' lang='lat' dir='ltr'><strong>milites</strong></span> <span class='ocrx_word' id='word_1_211' title='bbox 700 2230 808 2290; x_wconf 84' lang='lat' dir='ltr'><strong>stativis</strong></span> <span class='ocrx_word' id='word_1_212' title='bbox 829 2230 930 2290; x_wconf 87' lang='lat' dir='ltr'><strong>castris</strong></span> <span class='ocrx_word' id='word_1_213' title='bbox 950 2230 1084 2302; x_wconf 88' lang='lat' dir='ltr'><strong>habebat,</strong></span> <span class='ocrx_word' id='word_1_214' title='bbox 1104 2229 1161 2290; x_wconf 91' lang='lat' dir='ltr'><strong>nisi</strong></span> 
     </span>
     <span class='ocr_line' id='line_1_26' title="bbox 105 2314 1197 2394; baseline 0 -20"><span class='ocrx_word' id='word_1_215' title='bbox 105 2333 172 2374; x_wconf 92' lang='lat' dir='ltr'><strong>curn</strong></span> <span class='ocrx_word' id='word_1_216' title='bbox 188 2315 262 2374; x_wconf 88' lang='lat' dir='ltr'><strong>odos</strong></span> <span class='ocrx_word' id='word_1_217' title='bbox 278 2323 327 2374; x_wconf 89' lang='lat' dir='ltr'><strong>aut</strong></span> <span class='ocrx_word' id='word_1_218' title='bbox 341 2315 437 2394; x_wconf 80' lang='lat' dir='ltr'><strong>pabadi</strong></span> <span class='ocrx_word' id='word_1_219' title='bbox 453 2323 563 2393; x_wconf 85' lang='lat' dir='ltr'><strong>egestas</strong></span> <span class='ocrx_word' id='word_1_220' title='bbox 578 2316 677 2376; x_wconf 87' lang='lat' dir='ltr'><strong>locum</strong></span> <span class='ocrx_word' id='word_1_221' title='bbox 692 2323 803 2375; x_wconf 86' lang='lat' dir='ltr'><strong>mutare</strong></span> <span class='ocrx_word' id='word_1_222' title='bbox 815 2314 974 2392; x_wconf 80' lang='lat' dir='ltr'><strong>subegerat</strong></span> <span class='ocrx_word' id='word_1_223' title='bbox 999 2314 1056 2374; x_wconf 88' lang='lat' dir='ltr'><strong>Sed</strong></span> <span class='ocrx_word' id='word_1_224' title='bbox 1068 2332 1162 2393; x_wconf 88' lang='lat' dir='ltr'><strong>neque</strong></span> <span class='ocrx_word' id='word_1_225' title='bbox 1182 2325 1197 2374; x_wconf 83' lang='lat'><strong>5</strong></span> 
     </span>
     <span class='ocr_line' id='line_1_27' title="bbox 103 2398 1162 2478; baseline 0.002 -20"><span class='ocrx_word' id='word_1_226' title='bbox 103 2398 308 2459; x_wconf 89' lang='lat' dir='ltr'><strong>muniebantur</strong></span> <span class='ocrx_word' id='word_1_227' title='bbox 328 2419 372 2472; x_wconf 81' lang='lat' dir='ltr'><strong>ea,</strong></span> <span class='ocrx_word' id='word_1_228' title='bbox 397 2417 490 2478; x_wconf 89' lang='lat' dir='ltr'><strong>neque</strong></span> <span class='ocrx_word' id='word_1_229' title='bbox 508 2417 592 2461; x_wconf 90' lang='lat' dir='ltr'><strong>more</strong></span> <span class='ocrx_word' id='word_1_230' title='bbox 610 2399 726 2461; x_wconf 90' lang='lat' dir='ltr'><strong>militari</strong></span> <span class='ocrx_word' id='word_1_231' title='bbox 744 2399 854 2477; x_wconf 79' lang='lat' dir='ltr'><strong>vigiliae</strong></span> <span class='ocrx_word' id='word_1_232' title='bbox 872 2398 1099 2474; x_wconf 77' lang='lat' dir='ltr'><strong>deducebantur3</strong></span> <span class='ocrx_word' id='word_1_233' title='bbox 1119 2399 1162 2460; x_wconf 90' lang='lat' dir='ltr'><strong>uti</strong></span> 
     </span>
    </p>
   </div>
   <div class='ocr_carea' id='block_1_6' title="bbox 104 2566 605 2765">
    <p class='ocr_par' dir='ltr' id='par_1_7' title="bbox 104 2566 605 2765">
     <span class='ocr_line' id='line_1_28' title="bbox 104 2566 605 2630; baseline 0.004 -15"><span class='ocrx_word' id='word_1_234' title='bbox 104 2582 137 2615; x_wconf 89' lang='lat' dir='ltr'><strong>zu</strong></span> <span class='ocrx_word' id='word_1_235' title='bbox 146 2566 238 2616; x_wconf 86' lang='lat' dir='ltr'><strong>tbeilen</strong></span> <span class='ocrx_word' id='word_1_236' title='bbox 247 2567 317 2629; x_wconf 85' lang='lat' dir='ltr'><strong>habe,</strong></span> <span class='ocrx_word' id='word_1_237' title='bbox 331 2568 398 2617; x_wconf 87' lang='lat' dir='ltr'><strong>nicht</strong></span> <span class='ocrx_word' id='word_1_238' title='bbox 407 2578 436 2616; x_wconf 86' lang='lat' dir='ltr'><strong>so</strong></span> <span class='ocrx_word' id='word_1_239' title='bbox 447 2567 516 2616; x_wconf 84' lang='lat' dir='ltr'><strong>aeine</strong></span> <span class='ocrx_word' id='word_1_240' title='bbox 526 2583 605 2630; x_wconf 85' lang='lat' dir='ltr'><strong>ganzo</strong></span> 
     </span>
     <span class='ocr_line' id='line_1_29' title="bbox 106 2605 605 2700; baseline 0.006 -18"><span class='ocrx_word' id='word_1_241' title='bbox 106 2605 357 2683; x_wconf 76' lang='lat' dir='ltr'><strong>Aulrnerksamkcit</strong></span> <span class='ocrx_word' id='word_1_242' title='bbox 350 2650 375 2683; x_wconf 90' lang='lat' dir='ltr'><strong>m</strong></span> <span class='ocrx_word' id='word_1_243' title='bbox 391 2637 522 2700; x_wconf 90' lang='lat' dir='ltr'><strong>Ansprucb</strong></span> <span class='ocrx_word' id='word_1_244' title='bbox 544 2637 605 2685; x_wconf 86' lang='lat' dir='ltr'><strong>aiib-</strong></span> 
     </span>
     <span class='ocr_line' id='line_1_30' title="bbox 105 2699 508 2765; baseline 0.003 -16"><span class='ocrx_word' id='word_1_245' title='bbox 105 2716 168 2764; x_wconf 86' lang='lat' dir='ltr'><strong>meu,</strong></span> <span class='ocrx_word' id='word_1_246' title='bbox 180 2701 228 2750; x_wconf 88' lang='lat' dir='ltr'><strong>wie</strong></span> <span class='ocrx_word' id='word_1_247' title='bbox 243 2702 287 2750; x_wconf 86' lang='lat' dir='ltr'><strong>der</strong></span> <span class='ocrx_word' id='word_1_248' title='bbox 296 2701 410 2765; x_wconf 86' lang='lat' dir='ltr'><strong>jugurth.</strong></span> <span class='ocrx_word' id='word_1_249' title='bbox 423 2699 508 2764; x_wconf 77' lang='lat' dir='ltr'><strong>lirieg.</strong></span> 
     </span>
    </p>
   </div>
   <div class='ocr_carea' id='block_1_7' title="bbox 105 2784 607 3048">
    <p class='ocr_par' dir='ltr' id='par_1_8' title="bbox 105 2784 607 3048">
     <span class='ocr_line' id='line_1_31' title="bbox 139 2784 606 2836; baseline 0.004 -3"><span class='ocrx_word' id='word_1_250' title='bbox 139 2784 165 2834; x_wconf 87' lang='grc'><strong>4.</strong></span> <span class='ocrx_word' id='word_1_251' title='bbox 191 2789 266 2834; x_wconf 80' lang='lat' dir='ltr'><strong>senat</strong></span> <span class='ocrx_word' id='word_1_252' title='bbox 265 2803 297 2834; x_wconf 74' lang='lat' dir='ltr'><strong>aa</strong></span> <span class='ocrx_word' id='word_1_253' title='bbox 314 2792 362 2835; x_wconf 87' lang='lat' dir='ltr'><strong>etc.</strong></span> <span class='ocrx_word' id='word_1_254' title='bbox 389 2785 447 2835; x_wconf 76' lang='lat' dir='ltr'><strong>nlla</strong></span> <span class='ocrx_word' id='word_1_255' title='bbox 468 2786 606 2836; x_wconf 85' lang='lat' dir='ltr'><strong>becilerten</strong></span> 
     </span>
     <span class='ocr_line' id='line_1_32' title="bbox 106 2852 606 2914; baseline 0 -13"><span class='ocrx_word' id='word_1_256' title='bbox 106 2852 165 2914; x_wconf 80' lang='lat' dir='ltr'><strong>sicli,</strong></span> <span class='ocrx_word' id='word_1_257' title='bbox 178 2853 224 2901; x_wconf 88' lang='lat' dir='ltr'><strong>der</strong></span> <span class='ocrx_word' id='word_1_258' title='bbox 236 2852 314 2901; x_wconf 85' lang='lat' dir='ltr'><strong>Senot</strong></span> <span class='ocrx_word' id='word_1_259' title='bbox 326 2853 402 2901; x_wconf 84' lang='lat' dir='ltr'><strong>durch</strong></span> <span class='ocrx_word' id='word_1_260' title='bbox 413 2852 541 2901; x_wconf 86' lang='lat' dir='ltr'><strong>Ertbeileu</strong></span> <span class='ocrx_word' id='word_1_261' title='bbox 555 2854 606 2902; x_wconf 89' lang='lat' dir='ltr'><strong>sei·</strong></span> 
     </span>
     <span class='ocr_line' id='line_1_33' title="bbox 106 2917 606 2982; baseline 0.002 -15"><span class='ocrx_word' id='word_1_262' title='bbox 106 2934 152 2968; x_wconf 85' lang='lat' dir='ltr'><strong>ner</strong></span> <span class='ocrx_word' id='word_1_263' title='bbox 172 2917 371 2980; x_wconf 83' lang='lat' dir='ltr'><strong>Gencbmigung,</strong></span> <span class='ocrx_word' id='word_1_264' title='bbox 396 2919 435 2967; x_wconf 90' lang='lat' dir='ltr'><strong>die</strong></span> <span class='ocrx_word' id='word_1_265' title='bbox 461 2919 606 2982; x_wconf 81' lang='lat' dir='ltr'><strong>bundesge·</strong></span> 
     </span>
     <span class='ocr_line' id='line_1_34' title="bbox 105 2983 607 3048; baseline 0 -14"><span class='ocrx_word' id='word_1_266' title='bbox 105 3000 197 3035; x_wconf 84' lang='lat' dir='ltr'><strong>nasson</strong></span> <span class='ocrx_word' id='word_1_267' title='bbox 210 2986 260 3034; x_wconf 90' lang='lat' dir='ltr'><strong>uod</strong></span> <span class='ocrx_word' id='word_1_268' title='bbox 272 2983 368 3048; x_wconf 77' lang='lat' dir='ltr'><strong>lib&#39;nige</strong></span> <span class='ocrx_word' id='word_1_269' title='bbox 381 2987 457 3034; x_wconf 86' lang='lat' dir='ltr'><strong>durch</strong></span> <span class='ocrx_word' id='word_1_270' title='bbox 469 2984 607 3034; x_wconf 88' lang='lat' dir='ltr'><strong>bereitwil-</strong></span> 
     </span>
    </p>
   </div>
   <div class='ocr_carea' id='block_1_8' title="bbox 106 3053 252 3115">
    <p class='ocr_par' dir='ltr' id='par_1_9' title="bbox 106 3053 252 3115">
     <span class='ocr_line' id='line_1_35' title="bbox 106 3053 252 3115; baseline -0.007 -13"><span class='ocrx_word' id='word_1_271' title='bbox 106 3053 156 3115; x_wconf 86' lang='lat' dir='ltr'><strong>lige</strong></span> <span class='ocrx_word' id='word_1_272' title='bbox 168 3053 252 3102; x_wconf 85' lang='lat' dir='ltr'><strong>lliille.</strong></span> 
     </span>
    </p>
   </div>
   <div class='ocr_carea' id='block_1_9' title="bbox 107 3135 609 3321">
    <p class='ocr_par' dir='ltr' id='par_1_10' title="bbox 107 3135 609 3321">
     <span class='ocr_line' id='line_1_36' title="bbox 141 3135 609 3200; baseline 0.002 -16"><span class='ocrx_word' id='word_1_273' title='bbox 141 3137 165 3185; x_wconf 91' lang='lat'><strong>5.</strong></span> <span class='ocrx_word' id='word_1_274' title='bbox 192 3141 218 3187; x_wconf 77' lang='lat' dir='ltr'><strong>et</strong></span> <span class='ocrx_word' id='word_1_275' title='bbox 238 3138 361 3186; x_wconf 69' lang='grc' dir='ltr'><strong>αιαιιῖἰαι</strong></span> <span class='ocrx_word' id='word_1_276' title='bbox 383 3135 422 3183; x_wconf 88' lang='lat' dir='ltr'><strong>dic</strong></span> <span class='ocrx_word' id='word_1_277' title='bbox 441 3135 609 3200; x_wconf 79' lang='lat' dir='ltr'><strong>Aukuiiplung</strong></span> 
     </span>
     <span class='ocr_line' id='line_1_37' title="bbox 107 3201 607 3321; baseline -0.002 -68"><span class='ocrx_word' id='word_1_278' title='bbox 107 3205 184 3321; x_wconf 60' lang='lat' dir='ltr'>ffl</span> <span class='ocrx_word' id='word_1_279' title='bbox 197 3208 223 3253; x_wconf 87' lang='lat' dir='ltr'><strong>et</strong></span> <span class='ocrx_word' id='word_1_280' title='bbox 234 3203 283 3252; x_wconf 87' lang='lat' dir='ltr'><strong>wie</strong></span> <span class='ocrx_word' id='word_1_281' title='bbox 296 3202 350 3251; x_wconf 84' lang='lat' dir='ltr'><strong>Cat.</strong></span> <span class='ocrx_word' id='word_1_282' title='bbox 366 3201 410 3264; x_wconf 85' lang='lat'><strong>19,</strong></span> <span class='ocrx_word' id='word_1_283' title='bbox 426 3201 456 3263; x_wconf 77' lang='lat'><strong>23</strong></span> <span class='ocrx_word' id='word_1_284' title='bbox 480 3218 501 3252; x_wconf 89' lang='lat' dir='ltr'><strong>s.</strong></span> <span class='ocrx_word' id='word_1_285' title='bbox 515 3204 573 3252; x_wconf 89' lang='lat' dir='ltr'><strong>dart</strong></span> <span class='ocrx_word' id='word_1_286' title='bbox 584 3203 607 3252; x_wconf 92' lang='lat' dir='ltr'><strong>d.</strong></span> 
     </span>
    </p>
   </div>
   <div class='ocr_carea' id='block_1_10' title="bbox 107 3336 612 3906">
    <p class='ocr_par' dir='ltr' id='par_1_11' title="bbox 107 3336 610 3537">
     <span class='ocr_line' id='line_1_38' title="bbox 142 3336 609 3419; baseline 0.004 -16"><span class='ocrx_word' id='word_1_287' title='bbox 142 3345 193 3403; x_wconf 74' lang='grc'><strong>44.</strong></span> <span class='ocrx_word' id='word_1_288' title='bbox 223 3352 245 3401; x_wconf 94' lang='grc'><strong>1.</strong></span> <span class='ocrx_word' id='word_1_289' title='bbox 274 3352 428 3419; x_wconf 80' lang='lat' dir='ltr'><strong>praedator:</strong></span> <span class='ocrx_word' id='word_1_290' title='bbox 452 3336 543 3417; x_wconf 75' lang='lat' dir='ltr'><strong>wagan</strong></span> <span class='ocrx_word' id='word_1_291' title='bbox 564 3355 609 3405; x_wconf 83' lang='lat' dir='ltr'><strong>des</strong></span> 
     </span>
     <span class='ocr_line' id='line_1_39' title="bbox 107 3420 610 3484; baseline 0.006 -15"><span class='ocrx_word' id='word_1_292' title='bbox 107 3421 179 3469; x_wconf 89' lang='lat' dir='ltr'><strong>daria</strong></span> <span class='ocrx_word' id='word_1_293' title='bbox 195 3420 326 3482; x_wconf 87' lang='lat' dir='ltr'><strong>liegendeu</strong></span> <span class='ocrx_word' id='word_1_294' title='bbox 338 3420 550 3484; x_wconf 76' lang='lat' dir='ltr'><strong>Verbalbegrill‘os</strong></span> <span class='ocrx_word' id='word_1_295' title='bbox 565 3424 610 3472; x_wconf 89' lang='lat' dir='ltr'><strong>mit</strong></span> 
     </span>
     <span class='ocr_line' id='line_1_40' title="bbox 108 3487 308 3537; baseline -0.01 0"><span class='ocrx_word' id='word_1_296' title='bbox 108 3505 144 3537; x_wconf 65' lang='lat' dir='ltr'><strong>erc</strong></span> <span class='ocrx_word' id='word_1_297' title='bbox 154 3487 308 3536; x_wconf 84' lang='lat' dir='ltr'><strong>verbunden.</strong></span> 
     </span>
    </p>

    <p class='ocr_par' dir='ltr' id='par_1_12' title="bbox 107 3555 610 3690">
     <span class='ocr_line' id='line_1_41' title="bbox 143 3555 610 3620; baseline 0.004 -17"><span class='ocrx_word' id='word_1_298' title='bbox 143 3558 198 3604; x_wconf 69' lang='lat' dir='ltr'><strong>sane</strong></span> <span class='ocrx_word' id='word_1_299' title='bbox 211 3591 234 3604; x_wconf 89' lang='lat'><strong>..</strong></span> <span class='ocrx_word' id='word_1_300' title='bbox 247 3555 362 3605; x_wconf 79' lang='lat' dir='ltr'><strong>dubitas:</strong></span> <span class='ocrx_word' id='word_1_301' title='bbox 376 3556 427 3617; x_wconf 82' lang='lat' dir='ltr'><strong>vgl.</strong></span> <span class='ocrx_word' id='word_1_302' title='bbox 445 3556 499 3606; x_wconf 89' lang='lat' dir='ltr'><strong>Cat.</strong></span> <span class='ocrx_word' id='word_1_303' title='bbox 520 3555 562 3620; x_wconf 90' lang='lat'><strong>11,</strong></span> <span class='ocrx_word' id='word_1_304' title='bbox 580 3557 610 3619; x_wconf 81' lang='lat'><strong>53</strong></span> 
     </span>
     <span class='ocr_line' id='line_1_42' title="bbox 107 3623 460 3690; baseline 0 -18"><span class='ocrx_word' id='word_1_305' title='bbox 107 3638 199 3685; x_wconf 73' lang='lat' dir='ltr'><strong>aegea</strong></span> <span class='ocrx_word' id='word_1_306' title='bbox 211 3625 319 3690; x_wconf 69' lang='lat' dir='ltr'><strong>imperto</strong></span> <span class='ocrx_word' id='word_1_307' title='bbox 332 3639 364 3672; x_wconf 83' lang='lat' dir='ltr'><strong>zu</strong></span> <span class='ocrx_word' id='word_1_308' title='bbox 377 3623 422 3685; x_wconf 88' lang='grc'><strong>39,</strong></span> <span class='ocrx_word' id='word_1_309' title='bbox 436 3624 460 3672; x_wconf 90' lang='grc'><strong>5.</strong></span> 
     </span>
    </p>

    <p class='ocr_par' dir='ltr' id='par_1_13' title="bbox 108 3705 612 3906">
     <span class='ocr_line' id='line_1_43' title="bbox 144 3705 612 3774; baseline 0.007 -18"><span class='ocrx_word' id='word_1_310' title='bbox 144 3706 169 3756; x_wconf 87' lang='grc'><strong>3.</strong></span> <span class='ocrx_word' id='word_1_311' title='bbox 179 3710 268 3757; x_wconf 76' lang='lat' dir='ltr'><strong>aestio.</strong></span> <span class='ocrx_word' id='word_1_312' title='bbox 275 3711 388 3774; x_wconf 84' lang='lat' dir='ltr'><strong>lcmpae:</strong></span> <span class='ocrx_word' id='word_1_313' title='bbox 397 3705 612 3771; x_wconf 80' lang='lat' dir='ltr'><strong>„dieliirliriegs-</strong></span> 
     </span>
     <span class='ocr_line' id='line_1_44' title="bbox 108 3775 612 3838; baseline 0.002 -14"><span class='ocrx_word' id='word_1_314' title='bbox 108 3776 340 3836; x_wconf 84' lang='lat' dir='ltr'><strong>unternebmungen</strong></span> <span class='ocrx_word' id='word_1_315' title='bbox 366 3776 498 3838; x_wconf 86' lang='lat' dir='ltr'><strong>geeignete</strong></span> <span class='ocrx_word' id='word_1_316' title='bbox 523 3775 602 3824; x_wconf 85' lang='lat' dir='ltr'><strong>Zcit“</strong></span> <span class='ocrx_word' id='word_1_317' title='bbox 605 3813 612 3826; x_wconf 83' lang='grc'><strong>.</strong></span> 
     </span>
     <span class='ocr_line' id='line_1_45' title="bbox 108 3841 612 3906; baseline 0.002 -14"><span class='ocrx_word' id='word_1_318' title='bbox 108 3842 143 3892; x_wconf 90' lang='lat' dir='ltr'><strong>So</strong></span> <span class='ocrx_word' id='word_1_319' title='bbox 154 3844 221 3892; x_wconf 88' lang='lat' dir='ltr'><strong>stebt</strong></span> <span class='ocrx_word' id='word_1_320' title='bbox 230 3847 327 3892; x_wconf 68' lang='lat' dir='ltr'><strong>asanaa</strong></span> <span class='ocrx_word' id='word_1_321' title='bbox 335 3843 461 3906; x_wconf 86' lang='lat' dir='ltr'><strong>geradezu</strong></span> <span class='ocrx_word' id='word_1_322' title='bbox 471 3841 612 3906; x_wconf 81' lang='lat' dir='ltr'><strong>sdr‚,Fald-</strong></span> 
     </span>
    </p>
   </div>
   <div class='ocr_carea' id='block_1_11' title="bbox 161 3923 340 3983">
    <p class='ocr_par' dir='ltr' id='par_1_14' title="bbox 161 3923 340 3983">
     <span class='ocr_line' id='line_1_46' title="bbox 161 3923 340 3983; baseline 0.017 -18"><span class='ocrx_word' id='word_1_323' title='bbox 161 3923 252 3968; x_wconf 81' lang='lat' dir='ltr'><strong>Sallnsl.</strong></span> <span class='ocrx_word' id='word_1_324' title='bbox 269 3924 340 3983; x_wconf 80' lang='lat' dir='ltr'><strong>Criap.</strong></span> 
     </span>
    </p>
   </div>
   <div class='ocr_carea' id='block_1_12' title="bbox 658 2565 1163 2768">
    <p class='ocr_par' dir='ltr' id='par_1_15' title="bbox 658 2565 1163 2768">
     <span class='ocr_line' id='line_1_47' title="bbox 659 2565 1161 2633; baseline 0.002 -18"><span class='ocrx_word' id='word_1_325' title='bbox 659 2565 1161 2633; x_wconf 56' lang='grc' dir='ltr'><strong>1131111111.Β.(1.8,4διιιρσνιοιιὺιι.ι</strong></span> 
     </span>
     <span class='ocr_line' id='line_1_48' title="bbox 658 2633 1163 2723; baseline -0.004 -39"><span class='ocrx_word' id='word_1_326' title='bbox 658 2638 762 2684; x_wconf 69' lang='grc' dir='ltr'><strong>1111111·ιί</strong></span> <span class='ocrx_word' id='word_1_327' title='bbox 769 2633 876 2684; x_wconf 77' lang='lat' dir='ltr'><strong>Galliam</strong></span> <span class='ocrx_word' id='word_1_328' title='bbox 885 2634 1008 2683; x_wconf 78' lang='lat' dir='ltr'><strong>deaictmn</strong></span> <span class='ocrx_word' id='word_1_329' title='bbox 1016 2636 1163 2723; x_wconf 76' lang='lat' dir='ltr'><strong>subactam-</strong></span> 
     </span>
     <span class='ocr_line' id='line_1_49' title="bbox 660 2717 782 2768; baseline 0 -17"><span class='ocrx_word' id='word_1_330' title='bbox 660 2717 782 2768; x_wconf 75' lang='lat' dir='ltr'><strong>praeesse</strong></span> 
     </span>
    </p>
   </div>
   <div class='ocr_carea' id='block_1_13' title="bbox 662 2789 1164 3186">
    <p class='ocr_par' dir='ltr' id='par_1_16' title="bbox 662 2789 1164 3186">
     <span class='ocr_line' id='line_1_50' title="bbox 695 2789 1162 2852; baseline -0.004 -12"><span class='ocrx_word' id='word_1_331' title='bbox 695 2795 872 2841; x_wconf 68' lang='lat' dir='ltr'><strong>conciliorum:</strong></span> <span class='ocrx_word' id='word_1_332' title='bbox 898 2791 944 2838; x_wconf 90' lang='lat' dir='ltr'><strong>der</strong></span> <span class='ocrx_word' id='word_1_333' title='bbox 964 2789 1099 2852; x_wconf 88' lang='lat' dir='ltr'><strong>Comitien,</strong></span> <span class='ocrx_word' id='word_1_334' title='bbox 1121 2789 1162 2839; x_wconf 90' lang='lat' dir='ltr'><strong>die</strong></span> 
     </span>
     <span class='ocr_line' id='line_1_51' title="bbox 662 2856 1164 2919; baseline -0.004 -13"><span class='ocrx_word' id='word_1_335' title='bbox 662 2866 725 2908; x_wconf 84' lang='lat' dir='ltr'><strong>statt</strong></span> <span class='ocrx_word' id='word_1_336' title='bbox 737 2859 769 2906; x_wconf 89' lang='lat' dir='ltr'><strong>im</strong></span> <span class='ocrx_word' id='word_1_337' title='bbox 781 2871 957 2919; x_wconf 83' lang='lat' dir='ltr'><strong>vergangeneu</strong></span> <span class='ocrx_word' id='word_1_338' title='bbox 969 2856 1059 2917; x_wconf 84' lang='lat' dir='ltr'><strong>lubre,</strong></span> <span class='ocrx_word' id='word_1_339' title='bbox 1072 2862 1127 2904; x_wconf 85' lang='lat' dir='ltr'><strong>erst</strong></span> <span class='ocrx_word' id='word_1_340' title='bbox 1137 2856 1164 2904; x_wconf 88' lang='lat' dir='ltr'><strong>in</strong></span> 
     </span>
     <span class='ocr_line' id='line_1_52' title="bbox 662 2921 1163 2974; baseline -0.006 -1"><span class='ocrx_word' id='word_1_341' title='bbox 662 2926 742 2974; x_wconf 88' lang='lat' dir='ltr'><strong>ciuem</strong></span> <span class='ocrx_word' id='word_1_342' title='bbox 752 2925 797 2972; x_wconf 90' lang='lat' dir='ltr'><strong>der</strong></span> <span class='ocrx_word' id='word_1_343' title='bbox 809 2930 893 2972; x_wconf 87' lang='lat' dir='ltr'><strong>ersten</strong></span> <span class='ocrx_word' id='word_1_344' title='bbox 906 2922 1006 2971; x_wconf 86' lang='lat' dir='ltr'><strong>Monate</strong></span> <span class='ocrx_word' id='word_1_345' title='bbox 1019 2924 1063 2970; x_wconf 89' lang='lat' dir='ltr'><strong>des</strong></span> <span class='ocrx_word' id='word_1_346' title='bbox 1076 2923 1099 2970; x_wconf 86' lang='lat' dir='ltr'><strong>J.</strong></span> <span class='ocrx_word' id='word_1_347' title='bbox 1113 2921 1163 2971; x_wconf 86' lang='grc'><strong>645</strong></span> 
     </span>
     <span class='ocr_line' id='line_1_53' title="bbox 664 2988 1163 3055; baseline -0.004 -16"><span class='ocrx_word' id='word_1_348' title='bbox 664 2991 741 3055; x_wconf 78' lang='lat'>(109)</span> <span class='ocrx_word' id='word_1_349' title='bbox 769 3007 815 3038; x_wconf 88' lang='lat' dir='ltr'><strong>zur</strong></span> <span class='ocrx_word' id='word_1_350' title='bbox 839 2989 915 3038; x_wconf 88' lang='lat' dir='ltr'><strong>Wahl</strong></span> <span class='ocrx_word' id='word_1_351' title='bbox 944 2990 990 3037; x_wconf 89' lang='lat' dir='ltr'><strong>der</strong></span> <span class='ocrx_word' id='word_1_352' title='bbox 1014 2988 1163 3051; x_wconf 86' lang='lat' dir='ltr'><strong>Magistratc</strong></span> 
     </span>
     <span class='ocr_line' id='line_1_54' title="bbox 662 3055 1164 3117; baseline -0.002 -12"><span class='ocrx_word' id='word_1_353' title='bbox 662 3058 725 3105; x_wconf 87' lang='lat' dir='ltr'><strong>eben</strong></span> <span class='ocrx_word' id='word_1_354' title='bbox 735 3057 818 3105; x_wconf 86' lang='lat' dir='ltr'><strong>dieses</strong></span> <span class='ocrx_word' id='word_1_355' title='bbox 832 3056 921 3104; x_wconf 86' lang='lat' dir='ltr'><strong>lahres</strong></span> <span class='ocrx_word' id='word_1_356' title='bbox 933 3055 1048 3117; x_wconf 83' lang='lat' dir='ltr'><strong>gehalten</strong></span> <span class='ocrx_word' id='word_1_357' title='bbox 1060 3056 1164 3104; x_wconf 82' lang='lat' dir='ltr'><strong>worden</strong></span> 
     </span>
     <span class='ocr_line' id='line_1_55' title="bbox 662 3120 1083 3186; baseline -0.002 -14"><span class='ocrx_word' id='word_1_358' title='bbox 662 3139 761 3184; x_wconf 82' lang='lat' dir='ltr'><strong>wareu3</strong></span> <span class='ocrx_word' id='word_1_359' title='bbox 775 3124 826 3186; x_wconf 82' lang='lat' dir='ltr'><strong>vgl.</strong></span> <span class='ocrx_word' id='word_1_360' title='bbox 840 3139 872 3171; x_wconf 85' lang='lat' dir='ltr'><strong>zu</strong></span> <span class='ocrx_word' id='word_1_361' title='bbox 885 3121 926 3185; x_wconf 81' lang='lat'><strong>37,</strong></span> <span class='ocrx_word' id='word_1_362' title='bbox 939 3121 954 3170; x_wconf 83' lang='lat'><strong>2</strong></span> <span class='ocrx_word' id='word_1_363' title='bbox 966 3138 991 3171; x_wconf 89' lang='lat' dir='ltr'><strong>u.</strong></span> <span class='ocrx_word' id='word_1_364' title='bbox 1004 3120 1083 3184; x_wconf 77' lang='grc'><strong>39,’2.</strong></span> 
     </span>
    </p>
   </div>
   <div class='ocr_carea' id='block_1_14' title="bbox 663 3211 1164 3346">
    <p class='ocr_par' dir='ltr' id='par_1_17' title="bbox 663 3211 1164 3346">
     <span class='ocr_line' id='line_1_56' title="bbox 663 3211 1164 3331; baseline -0.004 -68"><span class='ocrx_word' id='word_1_365' title='bbox 663 3230 773 3331; x_wconf 68' lang='lat' dir='ltr'><strong>45pupm</strong></span> <span class='ocrx_word' id='word_1_366' title='bbox 786 3251 792 3264; x_wconf 92' lang='lat'><strong>.</strong></span> <span class='ocrx_word' id='word_1_367' title='bbox 805 3250 812 3263; x_wconf 95' lang='lat'><strong>.</strong></span> <span class='ocrx_word' id='word_1_368' title='bbox 826 3250 832 3263; x_wconf 93' lang='lat'><strong>.</strong></span> <span class='ocrx_word' id='word_1_369' title='bbox 846 3215 986 3278; x_wconf 69' lang='lat' dir='ltr'><strong>coegisset.-</strong></span> <span class='ocrx_word' id='word_1_370' title='bbox 1006 3213 1051 3262; x_wconf 87' lang='lat' dir='ltr'><strong>das</strong></span> <span class='ocrx_word' id='word_1_371' title='bbox 1063 3211 1164 3275; x_wconf 71' lang='lat' dir='ltr'><strong>Niibera</strong></span> 
     </span>
     <span class='ocr_line' id='line_1_57' title="bbox 702 3317 751 3346; baseline 0 -15"><span class='ocrx_word' id='word_1_372' title='bbox 702 3319 709 3346; x_wconf 92' lang='lat'><strong>,</strong></span> <span class='ocrx_word' id='word_1_373' title='bbox 745 3317 751 3331; x_wconf 89' lang='lat'><strong>.</strong></span> 
     </span>
    </p>
   </div>
   <div class='ocr_carea' id='block_1_15' title="bbox 664 3369 1221 3838">
    <p class='ocr_par' dir='ltr' id='par_1_18' title="bbox 664 3369 1221 3838">
     <span class='ocr_line' id='line_1_58' title="bbox 697 3369 1165 3431; baseline -0.009 -10"><span class='ocrx_word' id='word_1_374' title='bbox 697 3372 722 3421; x_wconf 89' lang='grc'><strong>4.</strong></span> <span class='ocrx_word' id='word_1_375' title='bbox 749 3373 870 3422; x_wconf 78' lang='lat' dir='ltr'><strong>habebat:</strong></span> <span class='ocrx_word' id='word_1_376' title='bbox 897 3371 936 3420; x_wconf 89' lang='lat' dir='ltr'><strong>Du</strong></span> <span class='ocrx_word' id='word_1_377' title='bbox 955 3371 995 3420; x_wconf 85' lang='lat' dir='ltr'><strong>dia</strong></span> <span class='ocrx_word' id='word_1_378' title='bbox 1018 3369 1165 3431; x_wconf 79' lang='lat' dir='ltr'><strong>Uebergabe</strong></span> 
     </span>
     <span class='ocr_line' id='line_1_59' title="bbox 665 3437 1221 3505; baseline -0.009 -14"><span class='ocrx_word' id='word_1_379' title='bbox 665 3442 709 3491; x_wconf 86' lang='lat' dir='ltr'><strong>des</strong></span> <span class='ocrx_word' id='word_1_380' title='bbox 726 3440 822 3490; x_wconf 87' lang='lat' dir='ltr'><strong>lleeres</strong></span> <span class='ocrx_word' id='word_1_381' title='bbox 839 3455 870 3488; x_wconf 86' lang='lat' dir='ltr'><strong>aa</strong></span> <span class='ocrx_word' id='word_1_382' title='bbox 886 3438 948 3488; x_wconf 86' lang='lat' dir='ltr'><strong>Met.</strong></span> <span class='ocrx_word' id='word_1_383' title='bbox 970 3439 1045 3486; x_wconf 87' lang='lat' dir='ltr'><strong>sebon</strong></span> <span class='ocrx_word' id='word_1_384' title='bbox 1067 3437 1166 3487; x_wconf 81' lang='lat' dir='ltr'><strong>emliblt</strong></span> <span class='ocrx_word' id='word_1_385' title='bbox 1187 3474 1190 3481; x_wconf 88' lang='lat'><strong>.</strong></span> <span class='ocrx_word' id='word_1_386' title='bbox 1218 3500 1221 3505; x_wconf 28' lang='grc' dir='ltr'>ι</span> 
     </span>
     <span class='ocr_line' id='line_1_60' title="bbox 664 3503 1166 3570; baseline -0.01 -13"><span class='ocrx_word' id='word_1_387' title='bbox 664 3508 710 3570; x_wconf 90' lang='lat' dir='ltr'><strong>ist,</strong></span> <span class='ocrx_word' id='word_1_388' title='bbox 729 3524 757 3556; x_wconf 90' lang='lat' dir='ltr'><strong>so</strong></span> <span class='ocrx_word' id='word_1_389' title='bbox 770 3508 863 3556; x_wconf 76' lang='lat' dir='ltr'><strong>labante</strong></span> <span class='ocrx_word' id='word_1_390' title='bbox 875 3520 931 3554; x_wconf 88' lang='lat' dir='ltr'><strong>man</strong></span> <span class='ocrx_word' id='word_1_391' title='bbox 942 3505 998 3553; x_wconf 89' lang='lat' dir='ltr'><strong>bier</strong></span> <span class='ocrx_word' id='word_1_392' title='bbox 1014 3505 1064 3552; x_wconf 90' lang='lat' dir='ltr'><strong>und</strong></span> <span class='ocrx_word' id='word_1_393' title='bbox 1075 3503 1166 3553; x_wconf 85' lang='lat' dir='ltr'><strong>weitar</strong></span> 
     </span>
     <span class='ocr_line' id='line_1_61' title="bbox 664 3570 1165 3640; baseline -0.014 -15"><span class='ocrx_word' id='word_1_394' title='bbox 664 3573 1058 3640; x_wconf 80' lang='lat' dir='ltr'><strong>Plusquamperlectaernarten.</strong></span> <span class='ocrx_word' id='word_1_395' title='bbox 1081 3570 1165 3619; x_wconf 78' lang='lat' dir='ltr'><strong>Allein</strong></span> 
     </span>
     <span class='ocr_line' id='line_1_62' title="bbox 665 3638 1165 3699; baseline -0.014 -7"><span class='ocrx_word' id='word_1_396' title='bbox 665 3643 726 3692; x_wconf 92' lang='lat' dir='ltr'><strong>Sall.</strong></span> <span class='ocrx_word' id='word_1_397' title='bbox 740 3643 838 3692; x_wconf 79' lang='lat' dir='ltr'><strong>erziilrlt</strong></span> <span class='ocrx_word' id='word_1_398' title='bbox 850 3641 905 3688; x_wconf 86' lang='lat' dir='ltr'><strong>hier</strong></span> <span class='ocrx_word' id='word_1_399' title='bbox 917 3639 984 3687; x_wconf 91' lang='lat' dir='ltr'><strong>nicbt</strong></span> <span class='ocrx_word' id='word_1_400' title='bbox 995 3638 1093 3699; x_wconf 80' lang='lat' dir='ltr'><strong>walter,</strong></span> <span class='ocrx_word' id='word_1_401' title='bbox 1106 3652 1165 3686; x_wconf 89' lang='lat' dir='ltr'><strong>sou·</strong></span> 
     </span>
     <span class='ocr_line' id='line_1_63' title="bbox 666 3705 1165 3768; baseline -0.014 -8"><span class='ocrx_word' id='word_1_402' title='bbox 666 3712 728 3760; x_wconf 90' lang='lat' dir='ltr'><strong>deru</strong></span> <span class='ocrx_word' id='word_1_403' title='bbox 741 3710 861 3759; x_wconf 81' lang='lat' dir='ltr'><strong>selrildert</strong></span> <span class='ocrx_word' id='word_1_404' title='bbox 873 3722 921 3755; x_wconf 88' lang='lat' dir='ltr'><strong>nur</strong></span> <span class='ocrx_word' id='word_1_405' title='bbox 937 3706 977 3754; x_wconf 88' lang='lat' dir='ltr'><strong>dic</strong></span> <span class='ocrx_word' id='word_1_406' title='bbox 994 3705 1165 3768; x_wconf 85' lang='lat' dir='ltr'><strong>cingerissaue</strong></span> 
     </span>
     <span class='ocr_line' id='line_1_64' title="bbox 666 3771 1166 3838; baseline -0.012 -11"><span class='ocrx_word' id='word_1_407' title='bbox 666 3778 819 3838; x_wconf 83' lang='lat' dir='ltr'><strong>Uaordnuug</strong></span> <span class='ocrx_word' id='word_1_408' title='bbox 843 3775 893 3823; x_wconf 91' lang='lat' dir='ltr'><strong>und</strong></span> <span class='ocrx_word' id='word_1_409' title='bbox 912 3773 966 3822; x_wconf 86' lang='lat' dir='ltr'><strong>ihre</strong></span> <span class='ocrx_word' id='word_1_410' title='bbox 987 3771 1114 3823; x_wconf 86' lang='lat' dir='ltr'><strong>Ursaobeu</strong></span> <span class='ocrx_word' id='word_1_411' title='bbox 1134 3786 1166 3821; x_wconf 81' lang='lat' dir='ltr'><strong>au</strong></span> 
     </span>
    </p>
   </div>
   <div class='ocr_carea' id='block_1_16' title="bbox 666 3845 818 3895">
    <p class='ocr_par' dir='ltr' id='par_1_19' title="bbox 666 3845 818 3895">
     <span class='ocr_line' id='line_1_65' title="bbox 666 3845 818 3895; baseline -0.013 -1"><span class='ocrx_word' id='word_1_412' title='bbox 666 3845 718 3894; x_wconf 89' lang='lat' dir='ltr'><strong>sich</strong></span> <span class='ocrx_word' id='word_1_413' title='bbox 730 3845 818 3895; x_wconf 89' lang='lat' dir='ltr'><strong>selbst.</strong></span> 
     </span>
    </p>
   </div>
   <div class='ocr_carea' id='block_1_17' title="bbox 935 3924 965 3975">
    <p class='ocr_par' dir='ltr' id='par_1_20' title="bbox 935 3924 965 3975">
     <span class='ocr_line' id='line_1_66' title="bbox 935 3924 965 3975; baseline -0.067 0"><span class='ocrx_word' id='word_1_414' title='bbox 935 3924 965 3975; x_wconf 86' lang='lat'><strong>10</strong></span> 
     </span>
    </p>
   </div>
   <div class='ocr_carea' id='block_1_18' title="bbox 0 0 1299 4380">
    <p class='ocr_par' dir='ltr' id='par_1_21' title="bbox 0 0 1299 4380">
     <span class='ocr_line' id='line_1_67' title="bbox 0 0 1299 4380; baseline 0 0"><span class='ocrx_word' id='word_1_415' title='bbox 0 0 1299 4380; x_wconf 95' lang='lat' dir='ltr'><strong> </strong></span> 
     </span>
    </p>
   </div>
  </div>
 </body>
</html>
