2564 4380
345 277 388 328 ns
406 275 490 329 com.
509 276 614 329 canc.
650 278 677 328 c.
695 277 812 327 ar-aa.
1064 278 1105 340 49

59 431 164 509 coepit,
182 448 220 492 ne
239 432 307 510 quid
323 433 359 493 de
373 452 404 494 se
418 441 526 494 temere
541 433 701 508 crederent3
721 452 752 494 ea
768 431 873 493 lamilia
888 439 998 506 ortum,
1018 432 1056 492 ita
1071 431 1106 493 ab

58 517 248 578 adulescentia
262 518 348 578 vitam
367 518 539 594 instituisse,
558 527 591 579 ut
606 518 703 580 omnia
717 519 793 578 bona
807 517 838 577 in
853 536 905 596 spe
919 517 1050 591 haberet3
1069 535 1106 577 ne

58 601 262 663 existumarent
283 603 349 677 sibi,
369 604 489 682 patricio
508 604 634 677 homini,
654 603 735 663 carius
755 603 847 682 ipsius
863 610 947 681 atque
961 602 1106 663 maiorum

58 687 190 765 pluruma
209 688 344 749 beneficia
365 689 395 751 in
411 690 552 769 populum
568 689 733 750 Romanum
748 697 856 762 essent,
877 687 989 767 perdita
1003 706 1034 748 re
1048 706 1105 768 pu-

56 770 129 832 blica
144 790 218 851 opus
234 791 306 846 esse,
322 791 388 834 cum
403 793 466 835 eam
482 782 606 835 servaret
619 774 656 834 Μ.
668 773 785 846 Tullius,
800 773 955 851 inquilinus
971 772 1039 833 civis
1054 792 1105 833 ur·
1133 794 1136 799 ·

56 855 101 916 bis
116 857 234 918 Romae.
263 859 306 919 hd
325 859 383 918 hoc
397 859 544 920 maledicta
559 859 611 920 alia
627 877 693 919 cum
709 859 837 932 adderet,
857 858 1024 937 obstrepere
1039 877 1105 918 om·
1127 864 1142 916 8

56 960 121 1015 nes,
148 943 263 1003 hostem
290 950 374 1022 atque
400 944 572 1022 parricidam
593 962 702 1004 vocare.
747 943 822 1003 Tum
848 942 893 1002 ille
919 943 1106 1009 furibundus:
1127 950 1143 1000 9

57 1027 217 1105 „quoniam
243 1028 358 1106 quidem
384 1029 607 1103 circumventus
633 1027 738 1108 inquit,
764 1027 799 1088 ab
825 1026 949 1089 inimicis
968 1047 1106 1109 praeceps

57 1129 136 1189 agor,
150 1111 316 1172 incendium
330 1132 429 1174 meum
444 1113 528 1176 ruina
543 1113 746 1191 restinguam.’'
847 1119 848 1122 ’

142 1196 212 1258 Dein
232 1216 263 1257 se
282 1216 316 1257 ex
336 1198 413 1259 curia
433 1199 554 1259 domum
573 1198 724 1278 proripuit.
757 1198 798 1258 lbi
817 1198 907 1258 multa
926 1217 1024 1258 secum
1043 1198 1158 1277 ipsett

57 1281 187 1354 volvens,
207 1283 284 1360 quod
304 1300 397 1361 neque
411 1283 531 1344 insidiae
546 1284 657 1345 consuli
672 1283 867 1363 procedebant
881 1291 909 1343 et
923 1283 958 1344 ab
974 1283 1106 1344 incendio

58 1365 236 1445 intellegebat
254 1367 356 1428 urbem
370 1367 471 1445 vigiliis
487 1369 640 1443 munitam,
661 1377 814 1448 optumum
831 1370 907 1429 laetu
922 1369 1042 1429 credens
1057 1388 1107 1429 ex-

58 1450 178 1512 ercitum
198 1471 302 1531 augere
321 1472 354 1514 ac
373 1453 454 1532 prius
474 1473 560 1533 quam
579 1454 707 1532 legiones
727 1454 920 1514 scriberentur
940 1461 1109 1533 antecapere
1188 1521 1193 1534 ‚

58 1555 130 1616 quae
148 1537 221 1598 bello
243 1538 307 1598 usui
322 1539 425 1612 forent,
440 1547 526 1600 nocte
540 1539 712 1619 intempesta
728 1558 794 1599 oum
809 1539 908 1617 paucis
923 1538 953 1600 in
968 1539 1109 1600 Manliana

58 1629 150 1683 castra
164 1625 311 1701 profectus
327 1631 378 1684 est.
403 1624 460 1684 Sed
475 1625 600 1702 Cethego
616 1632 700 1704 atque
712 1624 832 1685 Lentulo
849 1623 1014 1703 ceterisque,
1031 1643 1106 1704 quo-
1127 1635 1143 1685 2

57 1725 123 1768 rum
139 1716 312 1786 cognoverat
326 1717 493 1788 promptam
508 1709 663 1783 audaciam,
678 1710 802 1782 mandat,
819 1709 922 1788 quibus
934 1710 1021 1770 rebus
1033 1729 1106 1790 pos·

58 1801 123 1853 sent
143 1812 214 1872 opes
230 1793 362 1854 factionis
384 1796 568 1868 confirment,
593 1794 711 1855 insidias
732 1795 843 1856 consuli
863 1803 1021 1869 maturent,
1042 1815 1106 1856 cae·

58 1877 139 1952 dem,
164 1878 296 1939 incendia
322 1879 430 1957 aliaque
450 1880 516 1939 belli
538 1879 665 1940 facinora
686 1888 802 1958 parent3
830 1899 893 1940 sese
915 1898 1008 1959 prope
1030 1881 1108 1941 diem

60 1981 126 2022 cum
140 1981 247 2040 magno
263 1963 387 2023 exercitu
402 1964 437 2023 ad
451 1963 555 2024 urbem
569 1983 761 2024 accessurum.

143 2047 218 2107 llum
236 2049 307 2108 haec
320 2048 430 2109 Romae
449 2055 598 2126 geruntur,
619 2049 648 2109 C.
661 2048 782 2109 Manlius
804 2068 838 2109 ex
860 2067 913 2109 suo
929 2067 1050 2109 numero
1066 2049 1107 2109 le·
1128 2061 1143 2112 3

60 2139 143 2210 gatos
158 2132 194 2193 ad
207 2131 346 2194 Marcium
360 2133 468 2211 Regem
483 2133 571 2194 mittit
586 2153 652 2194 cum
667 2133 810 2194 mandatis
825 2133 1039 2194 huiuscemodi:

143 2216 241 2290 „Deos
260 2217 449 2297 hominesque
470 2225 622 2292 testamur,
647 2218 816 2298 imperator,
840 2237 895 2279 nos
915 2238 995 2279 arma
1014 2227 1160 2298 nequeas

58 2309 161 2378 contra,
184 2301 306 2381 patriam
332 2302 454 2382 cepisse,
478 2321 572 2383 neque
598 2323 654 2383 quo
675 2303 834 2382 periculum
855 2304 916 2366 aliis
937 2305 1105 2379 laceremus,

58 2388 108 2448 sed
128 2385 169 2448 uti
190 2405 313 2466 corpora
331 2396 432 2450 nostra
451 2389 486 2450 ab
502 2389 605 2451 iniuria
619 2397 679 2451 tuta
694 2390 802 2450 forent:
823 2389 872 2469 qui
886 2389 998 2463 miseri,
1020 2407 1108 2468 egen·

58 2573 183 2637 Ausgahe.
211 2573 471 2640 Wiederherstellung
487 2577 559 2627 einer

59 2642 104 2692 mit
138 2641 247 2693 Unrecht
280 2644 454 2694 verworl'enen
489 2644 556 2695 alten

60 2710 229 2760 handschriltl.
247 2711 346 2762 Lesart.

85 2777 235 2843 inperitiam:
245 2779 302 2843 „ein
309 2779 444 2845 llinlieger,
451 2780 555 2831 Mieths-

59 2846 162 2894 mauu“.
194 2846 244 2896 llas
264 2848 407 2911 Bbswillige
429 2850 473 2898 dos
489 2849 556 2899 Aus-

60 2912 150 2963 druclrs
159 2915 286 2964 ersoheint
295 2917 356 2965 noch
362 2916 470 2980 stiirker,
482 2932 556 2966 wenn

59 2996 114 3030 man
134 2981 254 3044 hoderit,
280 2983 338 3032 dass
364 2984 410 3032 der
429 2984 556 3034 lleimuth·

60 3049 128 3098 stadt
139 3048 249 3112 Ciceros,
262 3048 380 3114 Arpinum
392 3050 424 3099 im
433 3051 556 3100 Volsker-

60 3116 145 3179 lande,
168 3117 243 3165 sehon
255 3115 302 3164 451
323 3115 398 3179 (303)
418 3118 457 3166 die
469 3122 557 3168 ciuitas

60 3184 109 3232 und
121 3183 169 3232 566
184 3183 259 3247 (188)
274 3184 317 3232 das
328 3187 370 3234 rur
381 3187 506 3250 suffragii
517 3201 557 3234 er-

60 3251 134 3302 theilt
144 3252 246 3300 worden
258 3266 319 3300 war.

95 3319 118 3368 9.
143 3323 198 3370 tum
213 3319 253 3368 ille
270 3325 317 3368 etc.
349 3318 411 3370 Eine
432 3321 558 3384 derartige

60 3386 223 3450 Acusserung
245 3388 298 3436 that
315 3388 376 3437 uach
394 3388 494 3439 Ciceros
520 3391 557 3455 (p.

60 3453 125 3505 Mur.
143 3455 188 3518 25,
206 3454 251 3518 51)
274 3454 374 3505 Bericht
394 3457 498 3507 Catilina
518 3458 557 3506 bei

61 3524 131 3572 einer
154 3523 255 3573 lriihern
277 3521 452 3589 Celegenheit,
476 3526 557 3588 einige

61 3589 130 3653 Tage
146 3607 193 3642 vor
209 3591 263 3640 dem
274 3589 315 3638 21.
329 3590 385 3641 Oct.
404 3593 448 3655 (zu
460 3593 503 3656 26,
518 3592 556 3656 3),

61 3659 100 3708 als
113 3659 161 3709 ihm
172 3658 233 3708 Cato
251 3659 283 3708 im
296 3657 373 3708 Sonat
387 3661 431 3710 mit
448 3662 557 3723 gericht-

60 3727 140 3776 licher
150 3726 306 3790 Verlolgung
317 3726 423 3790 gedroht
434 3729 510 3778 hatte.

60 3828 62 3833 ι
96 3794 146 3850 32.
174 3794 197 3844 l.
222 3793 332 3845 consuli:
347 3794 421 3845 Dativ
437 3796 558 3845 dcher-

60 3882 120 3928 son,
148 3881 179 3916 an
203 3867 312 3917 welcher
335 3866 380 3916 der
402 3867 491 3932 llrlolg
514 3870 559 3920 der

63 3934 557 4002 (nichtgiiustiglortgegangenen)Nach-

115 4015 206 4059 Sallust.
221 4015 292 4074 Crisp.

612 2576 753 2641 stellungen
774 2577 843 2626 blitte
859 2592 890 2625 ιιι
906 2575 975 2639 Tage
995 2576 1108 2626 kommen

611 2645 724 2704 iniissen3
738 2645 1108 2708 grammatischalssogenhat.

607 2708 764 2763 ¹incommodi
777 2712 898 2775 abhtngtg
913 2729 961 2761 von
978 2714 1032 2761 dem
1048 2728 1109 2762 ver-

611 2781 740 2830 bundeuen
770 2779 876 2829 matellae
907 2791 958 2829 noo
987 2779 1109 2847 procede·

611 2851 683 2915 bunt,
704 2848 766 2898 aber
782 2848 835 2896 dem
853 2847 928 2896 Sinne
945 2848 1005 2896 nach
1020 2847 1046 2896 in
1063 2847 1108 2895 nii·

610 2917 686 2966 herer
695 2915 837 2976 Beziehung
853 2930 885 2963 ιιι
896 2915 951 2962 dem
963 2912 1058 2963 Nomen
1070 2914 1109 2963 als

611 3000 666 3033 zum
675 2983 793 3033 Verbum.
816 2981 886 3030 Eheu
899 2997 926 3029 so
939 2979 1039 3045 §2r'nc
1049 2996 1109 3030 con-

610 3051 662 3100 suli
671 3053 816 3110 cnutureot;
838 3049 889 3111 vgl.
902 3047 954 3111 lug.
968 3047 1008 3112 35,
1022 3048 1046 3097 4.

644 3122 729 3170 arcete:
746 3117 771 3165 in
788 3117 833 3165 der
843 3114 924 3165 Nacbt
941 3132 996 3166 zum
1009 3115 1033 3165 9.
1043 3114 1108 3166 Νον.

612 3184 667 3248 (13.
677 3185 732 3233 er.
743 3183 798 3247 62).
820 3181 858 3231 An
868 3183 960 3232 diesem
970 3182 1039 3247 Tage
1049 3183 1111 3233 hielt

612 3254 675 3302 daun
693 3251 743 3301 Cic.
761 3252 829 3300 scine
847 3251 937 3300 zwcite
953 3251 1026 3300 Catil.
1041 3250 1109 3300 hedo

611 3320 646 3370 od
674 3319 784 3388 opulum.

663 3425 668 3436 .
690 3391 798 3456 poscent
809 3424 815 3437 .
825 3425 831 3436 .
842 3424 865 3438 ..
879 3389 1042 3454 eoofimnent:
1063 3385 1109 3436 Die

610 3455 761 3506 aufsallende
782 3456 944 3519 Verbindung
968 3457 1013 3505 der
1033 3453 1108 3504 Tern-

610 3539 683 3590 pora,
696 3525 744 3574 wie
766 3523 810 3586 34,
832 3524 857 3584 13
880 3524 904 3571 in
923 3523 1109 3586 umgekehrtem

611 3593 770 3643 Verh'altniss
779 3591 831 3654 lug.
842 3590 883 3653 46,
896 3590 920 3638 4.
937 3590 987 3640 Das
997 3591 1036 3640 bei
1046 3591 1108 3641 Sall.

612 3660 649 3710 olt
676 3659 884 3710 hervortretende
912 3658 1048 3708 hostrobeu
1077 3673 1109 3708 ιιι

610 3727 877 3792 vorgegenudirtigen,
910 3727 1056 3776 namentlich
1084 3726 1110 3775 in

611 3798 657 3845 der
672 3796 810 3844 indirecten
822 3793 901 3857 Rode,
923 3795 981 3857 geht
997 3793 1067 3844 llund
1083 3793 1109 3842 iu

612 3864 681 3914 Haud
696 3863 741 3912 mit
761 3863 807 3911 dor
823 3859 988 3912 Gewohnheit
1008 3862 1039 3910 im
1058 3858 1109 3911 Ge·

611 3932 702 3980 hrauch
715 3931 760 3979 der
771 3930 935 3980 historischen
948 3930 1062 3981 Formen.

895 4014 910 4063 4
