2564 4380
379 267 423 318 DE
441 268 549 318 BELLO
568 266 721 320 IUGURTH.
757 268 784 317 C.
804 267 845 318 31.

1079 271 1136 333 131
1225 312 1227 317 -

84 418 153 491 erit3
174 419 219 481 sin
239 440 270 481 ea
292 420 464 493 contemnit,
481 421 589 482 scilicet
609 421 831 495 existumabitiS,
852 422 944 501 rpuafis
959 422 1005 483 illa
1020 443 1075 502 pax
1089 432 1139 485 aut

84 504 192 566 deditio
209 505 258 578 sit,
279 525 313 566 ex
328 525 384 584 qua
399 507 434 566 ad
449 507 617 584 Iugurtham
633 506 774 566 scelerum
788 507 957 586 impunitas
976 509 1012 568 ad
1027 528 1137 587 paucos

84 590 213 668 potentis
233 609 385 673 maxumae
400 591 524 663 divitiae,
546 592 577 650 in
591 610 654 651 rem
669 585 814 670 publicam
829 592 933 653 damna
949 600 1033 671 atque
1049 594 1155 655 dede-1

85 693 153 734 cora
168 675 364 753 pervenerint:
380 675 437 735 nisi
453 678 528 737 t'orte
543 677 676 750 nondum
691 675 776 736 ctiam
792 695 843 735 vos
859 677 1068 738 dominationis
1084 698 1137 739 eo·
1157 686 1191 737 2ο

83 777 151 818 rum
167 760 280 820 satietas
296 768 382 833 tenet,
398 768 425 820 et
440 759 484 821 illa
500 780 587 839 quam
601 761 673 821 haec
687 769 819 838 tempora
830 762 921 838 magis
934 763 1054 840 placent,
1070 782 1138 823 cum

83 861 180 921 regna,
194 845 368 923 provinciae,
383 845 469 922 loges,
484 845 555 917 iura,
569 845 682 917 iudicia,
698 845 770 904 bella
781 852 865 924 atque
877 866 971 924 paces
985 855 1136 926 postremo

83 927 179 988 divina
194 937 221 988 et
236 930 361 990 humana
378 931 475 991 omnia
490 949 580 1008 penes
595 949 705 1008 paucos
722 938 815 1002 erant,
831 949 883 989 ros
899 940 1007 1003 autem,
1022 933 1080 992 hoc
1094 940 1138 992 est

45 1080 48 1085 ⁸
82 1014 210 1092 populus
223 1015 383 1087 Romanus,
398 1013 496 1074 invicti
511 1015 545 1075 ab
561 1014 705 1088 hostibus,
720 1014 909 1092 imperatores
922 1016 1054 1076 omnium
1066 1024 1138 1095 gen'·

82 1097 169 1171 tium,
190 1099 259 1159 satis
279 1099 426 1160 habebatis
448 1100 573 1160 animam
592 1099 728 1160 retinere:
748 1117 819 1175 nam
838 1099 1004 1160 servitutem
1019 1101 1137 1179 quidem

83 1183 148 1261 quis
163 1191 297 1243 vostrum
316 1203 452 1244 recusare
472 1183 615 1244 audebat?
643 1185 735 1262 Atque
755 1203 822 1261 ego,
843 1185 958 1245 tametsi
971 1184 1033 1263 piro
1055 1186 1137 1263 llagi-
1157 1196 1189 1247 21
1252 1238 1254 1244 .

82 1267 287 1328 tiosissumum
312 1268 456 1328 existumo
483 1268 602 1347 impune
627 1269 762 1329 iniuriam
784 1269 944 1347 accepisse,
970 1277 1067 1331 tamen
1085 1289 1137 1331 vos

39 1390 44 1394 -
82 1352 251 1414 hominibus
268 1352 506 1413 sceleratissumis
522 1354 686 1432 ignoscere,
702 1354 840 1432 quoniam
856 1353 930 1414 eires
940 1363 1027 1439 sunt,
1047 1374 1137 1433 aequo

82 1437 179 1496 animo
199 1446 323 1515 paterer,
343 1438 373 1497 ni
392 1439 641 1499 misericordiam
661 1439 819 1517 perniciem
835 1459 937 1500 casura
952 1448 1036 1500 esset.
1063 1440 1137 1500 Nam
1157 1450 1190 1500 22

81 1529 110 1581 ot
124 1522 193 1595 illis,
214 1530 354 1600 quantum
376 1523 602 1601 importunitatis
618 1524 738 1595 habent,
752 1543 857 1602 parum
871 1518 915 1584 est
930 1524 1050 1603 impune
1064 1518 1139 1585 rirale

81 1606 193 1678 fecisse,
208 1607 264 1667 nisi
280 1608 382 1671 deinde
398 1608 524 1669 faciundi
538 1609 651 1671 licentia
665 1609 794 1687 eripitur,
810 1617 838 1669 ct
848 1610 931 1669 vohis
947 1617 1061 1670 aeterna
1076 1610 1137 1670 sol-

80 1691 198 1751 licitudo
219 1693 389 1765 remanebit,
411 1713 477 1754 cum
493 1693 659 1772 intellegetis
675 1701 724 1755 aut
739 1693 928 1754 serviundum
943 1714 1008 1755 esse
1023 1702 1072 1755 aut
1086 1713 1138 1773 per

80 1874 141 1937 lolg.
156 1875 257 1925 Schluss
275 1878 340 1927 liisst
353 1878 403 1926 sich
417 1880 479 1927 auch
497 1870 582 1941 umg'c-

79 1943 155 1991 kehrt
168 1958 195 1991 so
210 1943 306 1993 dcnken
324 1960 419 2006 „wenn
434 1946 490 2007 Jug.
505 1961 582 1995 euren

80 2008 200 2058 Belehlen
222 2012 352 2073 gahorcht,
376 2027 404 2060 so
427 2013 523 2061 werdet
545 2014 583 2061 ilrr

81 2077 172 2124 dmaus
187 2078 275 2140 schcn,
295 2079 352 2126 dass
372 2094 400 2125 cr
412 2079 525 2127 wirkliclr
540 2079 584 2128 de-

80 2144 249 2193 deliciosist“.

114 2211 220 2260 saturet:
238 2212 283 2260 Die
298 2213 582 2276 dadurchongedcutete

78 2277 162 2327 Ironie
171 2279 234 2342 liegt
246 2281 415 2331 vornehmlich
429 2282 454 2330 in
464 2282 519 2330 dem
528 2280 581 2331 Ne-

78 2347 199 2395 bensatze
208 2348 288 2412 paulo
298 2355 346 2398 etc.

113 2414 153 2463 20.
176 2418 228 2464 adei
239 2417 318 2480 forte
339 2454 345 2466 .
364 2453 370 2465 .
390 2422 428 2466 et:
454 2417 505 2479 vgl.
526 2417 580 2467 Cat.

78 2482 124 2544 20,
146 2482 183 2532 11.

112 2551 323 2601 condomettaan:
342 2552 422 2602 o'lters
432 2568 460 2602 so
469 2554 579 2603 ver-bun·
609 2554 611 2559 '

78 2620 134 2669 den.
153 2619 298 2682 Bedeutung
308 2620 352 2683 oo,
363 2621 482 2683 wie-hier,
495 2624 579 2684 „noch

78 2687 165 2735 immcr
173 2688 265 2736 niclrt“.
283 2689 381 2738 Anders
392 2691 426 2738 ist
435 2705 466 2738 zu
476 2691 579 2738 nahmen

79 2754 129 2803 Cic.
139 2771 163 2820 p.
174 2755 234 2804 Sex.
244 2754 318 2806 Rosc.
333 2756 360 2819 8,
379 2755 411 2804 23
426 2757 492 2806 leuno
505 2760 581 2807 make-

78 2838 138 2872 rom
155 2860 161 2871 .
180 2860 186 2871 .
210 2826 254 2886 qui
268 2824 382 2873 nondum
400 2828 477 2873 etiam
495 2827 580 2873 omnio

76 2894 185 2958 paterno
190 2891 288 2954 procori
293 2884 372 2940 'iusta
385 2892 515 2956 sola-isset,
532 2907 581 2940 no-

77 2958 140 3016 dum
155 2961 213 3007 eicit
229 2958 315 3021 dorne,
334 2959 420 3006 promit
432 2958 483 3019 vgl.
494 2959 544 3005 Cic.
555 2957 580 3005 in

79 3025 133 3075 Cat.
145 3025 171 3088 1,
186 3026 215 3087 4,
232 3024 261 3072 10
276 3026 338 3073 doec
351 3040 399 3088 ego
410 3027 506 3088 cannia,
524 3027 582 3073 aaa·

78 3094 141 3143 done
162 3096 239 3142 etiam
260 3096 333 3141 coetu
360 3096 445 3141 restro
467 3091 580 3156 dormale,

79 3164 198 3226 corripere.

113 3228 157 3276 illa
182 3243 258 3291 quom
284 3227 345 3275 doec
371 3233 419 3274 etc.
450 3225 580 3276 Memmius

79 3295 178 3343 scheint
191 3301 269 3346 etwas
282 3295 348 3343 liihn
362 3310 389 3342 so
404 3310 436 3342 zu
450 3295 580 3359 sprcchen,

79 3361 118 3409 als
131 3375 205 3409 worm
219 3362 258 3410 die
273 3361 330 3411 Zeit
347 3362 392 3410 der
409 3377 459 3411 von
473 3362 521 3412 ihm
535 3378 580 3424 ge-

79 3429 226 3477 wiinsclrteu
252 3428 363 3478 Freiheit
389 3431 463 3479 sehon
486 3445 579 3492 gogon-

79 3496 258 3558 wiirtigwiirc.
277 3497 312 3546 Er
321 3499 460 3560 vergleicht
470 3497 579 3560 oberge·

79 3580 128 3613 nou
150 3579 294 3626 genonuneu
316 3567 386 3614 mehr
408 3567 447 3615 die
467 3564 579 3615 Zeitum-

78 3633 180 3695 stiinde,
198 3633 236 3682 als
251 3633 289 3682 dic
300 3632 390 3682 Zeiton
404 3634 495 3696 selbst,
510 3635 579 3682 alirn-

77 3700 126 3748 lich
146 3701 192 3748 den
211 3716 386 3764 vergaugenen
405 3701 517 3750 Zostand
535 3703 581 3750 der

78 3767 240 3830 Unliihigkcit
262 3769 314 3818 sich
337 3787 368 3818 zu
386 3769 510 3832 belreien,
536 3770 581 3818 mit

79 3836 133 3884 dem
149 3836 275 3900 jetzigen,
294 3854 333 3886 wo
351 3853 407 3887 mon
422 3837 579 3900 dergleichen

78 3905 267 3966 wagenkdnne.

640 1938 641 1942 Ἰ
667 1894 758 1945 paces:
772 1879 812 1927 ein
823 1879 934 1928 seltener
942 1879 1037 1929 Plural.

670 1963 717 2011 lroc
727 1967 779 2011 est.-
797 1963 872 2011 weist
882 1963 1070 2013 nachdriicklich
1080 1965 1137 2013 dar-

636 2029 682 2078 auf
704 2031 757 2091 hia,
786 2029 810 2078 in
837 2030 957 2079 welchem
983 2031 1138 2093 besonderen

635 2097 713 2145 Sinna
732 2098 776 2146 das
793 2097 1004 2159 Vorhergehende
1022 2104 1138 2147 verstan-

637 2165 684 2213 den
694 2165 796 2213 werden
807 2165 863 2213 soll.
877 2164 946 2228 llben
957 2181 984 2214 so
994 2165 1057 2214 wird
1065 2165 1093 2215 id
1101 2170 1140 2215 est

636 2232 781 2293 gebraucht.
835 2256 838 2263 ·

668 2315 709 2365 21.
727 2319 842 2384 drepana:
865 2332 927 2377 „so,
947 2318 1004 2366 dass
1024 2318 1067 2366 das
1086 2316 1137 2368 Un-

635 2386 706 2433 recht
714 2385 856 2434 unbestralt
865 2384 977 2445 bieibt‘f3
992 2385 1044 2447 vgl.
1054 2401 1087 2434 zu
1095 2384 1136 2450 28,

637 2451 648 2500 1
660 2453 710 2501 und
719 2451 751 2500 25
758 2490 765 2516 ,
783 2452 821 2501 11.

669 2553 742 2602 aaron.
761 2540 826 2586 caver
839 2542 914 2587 sont:
932 2538 996 2587 deon
1011 2554 1084 2587 wenn
1100 2538 1136 2588 sie

635 2606 679 2654 das
689 2605 756 2653 nicht
764 2605 860 2665 wiiren,
872 2621 899 2653 so
908 2602 1012 2655 uiirden
1022 2607 1058 2655 sie
1069 2607 1136 2656 nicht
1161 2662 1165 2671 Ι

636 2673 725 2721 einmal
739 2671 784 2720 auf
794 2673 837 2721 das
852 2670 949 2721 Mitleid
963 2674 1050 2735 irgend
1064 2674 1138 2722 einen
1213 2670 1219 2680 ’

634 2739 766 2804 Anspruch
779 2739 867 2788 habeo.
886 2738 945 2788 Man
955 2740 1060 2789 erkennt
1069 2741 1137 2789 hier-

635 2807 659 2855 in
677 2808 726 2855 und
744 2807 768 2854 in
787 2808 841 2855 dem
863 2810 917 2856 ciro
936 2807 1064 2871 jlagt'tr'oe
1088 2814 1136 2856 etc.

636 2875 674 2923 dic
694 2874 801 2922 sittlirhe
815 2872 1075 2936 Auschauuogsweise
1092 2875 1138 2924 der
1164 2896 1170 2907 κ
1193 2880 1200 2893 ’

635 2941 719 2988 Alten.

669 3011 694 3056 in
710 3023 784 3074 pora.
803 3023 909 3057 casuro:
928 3024 1007 3070 „zum
1025 3008 1136 3059 Vender-

635 3073 682 3122 ben
713 3075 908 3137 ausschlagcn“.
951 3075 1012 3125 nio,
1028 3077 1136 3141 periplrr.

635 3141 707 3203 Conj.
726 3142 811 3191 behalt
828 3143 879 3190 ihre
898 3142 965 3192 volle
983 3144 1136 3207 Bcdeutung,

635 3225 663 3259 so
679 3211 737 3259 dass
751 3225 845 3259 casoro
857 3215 925 3262 esset
938 3211 979 3259 cin
993 3212 1137 3261 wirkliches

637 3277 850 3345 (condicionales)
861 3277 1034 3343 Imperfectum
1044 3279 1086 3328 ist.

668 3361 709 3411 22,
728 3366 851 3428 oromatum
862 3365 965 3430 impert.
979 3363 1086 3412 dotent.-
1103 3384 1150 3415 ·--.

633 3446 681 3496 pro
695 3430 750 3496 illo,
768 3447 831 3496 prmo
850 3434 923 3480 tanta
936 3433 961 3479 aiz
975 3433 1007 3479 iis
1023 3434 1071 3495 est,
1089 3432 1137 3480 ein·

631 3502 797 3565 portam'tate.

668 3566 770 3616 deinde:
789 3567 879 3629 gelr'o'rt
888 3581 935 3614 nur
945 3565 1109 3629 zusactunde'.
1169 3566 1194 3613 '.

668 3639 694 3683 at
710 3636 794 3684 rotie
805 3670 828 3683 ..
846 3635 999 3683 rernonadttt
1016 3631 1073 3682 Man
1092 3648 1135 3683 er-

634 3703 714 3764 gdnzo
727 3703 789 3751 auch
804 3701 858 3749 hier
872 3701 911 3750 die
925 3701 1070 3763 Bodingung
1084 3703 1139 3752 nr'ae'

634 3769 658 3819 d.
664 3771 693 3834 s.
709 3770 747 3818 lic.
762 3772 794 3818 ita
809 3773 897 3836 erepta
910 3772 965 3818 ortt.

665 3853 828 3904 permortua:
845 3835 913 3899 „auf
923 3837 978 3886 dem
992 3836 1075 3899 Wege
1089 3837 1135 3886 dor

549 3926 552 3933 ·
635 3904 769 3966 Gcwult“;
798 3911 868 3955 sonst
886 3905 1059 3971 stemmate,
1086 3904 1134 3954 wie
1170 3908 1175 3915 '

898 3989 935 4039 9*
