2564 4380
177 261 219 327 08
544 259 572 310 c.
591 258 751 313 saunasrr
768 257 871 312 crnsrr

177 414 248 487 hus,
274 412 345 493 quin
363 412 467 473 divitiis
487 421 516 474 et
534 413 715 491 sumptibus,
736 430 798 474 non
818 411 962 492 probitate
979 429 1075 492 neque
1093 410 1239 475 industria

179 518 247 561 cnm
265 497 424 559 maioribus
444 498 505 559 suis
526 495 702 559 contendat?
722 497 808 558 etiem
827 498 962 559 homines
981 497 1064 571 novi,
1084 497 1138 576 qui
1156 505 1239 559 antu

179 602 232 664 per
246 583 381 643 virtutem
397 582 475 643 soliti
489 591 572 644 erant
586 583 764 644 nobilitatem
779 582 951 656 antevenire,
967 582 1067 643 lurtim
1082 590 1111 643 et
1127 600 1184 661 per
1196 581 1238 645 h·

179 667 303 729 trocinia
318 667 417 746 potins
432 686 519 746 qnam
534 667 619 728 honis
635 667 745 729 artibus
760 668 796 729 ad
810 667 932 746 imperia
947 675 975 727 et
990 668 1122 728 honores
1136 666 1238 729 nitun-

144 759 160 812 8
180 761 242 814 tur:
265 752 388 831 proinde
408 752 490 831 quasi
510 761 644 830 praetura
662 761 691 813 et
710 753 877 813 consulatus
898 760 983 831 atque
996 752 1049 814 alia
1064 751 1169 813 omnia
1182 752 1238 813 hu·

180 837 341 898 inscemodi
356 856 408 915 per
423 857 454 897 se
468 836 532 916 ipsa
547 838 621 898 clara
636 846 665 897 et
679 837 830 914 magnilica
845 838 913 909 sint,
929 857 963 899 ac
977 855 1039 898 non
1050 835 1176 916 perinde
1185 837 1238 897 ha·

144 929 160 980 o
180 921 314 995 beantur,
329 930 489 994 uteorum,
504 922 553 1000 qui
568 942 601 983 ca
616 921 768 994 sustinent,
783 922 874 983 virtus
889 930 943 982 est
973 923 1080 983 Verum
1093 939 1152 999 ego
1166 920 1239 983 lihe-

179 1006 241 1067 rius
257 1007 398 1085 altiusque
412 1006 552 1085 processi,
568 1007 640 1068 dum
654 1026 701 1066 me
716 1005 836 1067 mutatis
851 1025 969 1068 morum
984 1006 1062 1085 piget
1072 1006 1239 1086 taedetquc3

180 1109 260 1152 nunc
274 1091 309 1152 ad
324 1091 472 1170 inceptum
487 1092 583 1152 redeo.

141 1176 161 1234 5
264 1176 376 1236 Bellum
397 1176 559 1254 scripturus
581 1194 662 1248 suin,
683 1175 761 1254 qnod
781 1175 908 1254 populns
928 1176 1080 1237 Romanus
1100 1193 1172 1237 cnm
1190 1174 1239 1238 ln·

181 1261 285 1338 gurtha
303 1279 370 1339 rege
384 1260 576 1322 Numidarum
596 1260 699 1338 gessit,
721 1259 851 1339 primurn
871 1259 937 1339 quia
956 1277 1096 1338 magnum
1111 1268 1142 1321 et
1155 1267 1240 1321 atrox

179 1345 314 1424 uariaque
323 1345 442 1406 victoria
457 1346 519 1420 luit,
535 1344 602 1405 dein
616 1345 682 1424 quia
697 1352 767 1406 tunc
777 1345 907 1423 primum
918 1344 1069 1424 superbiae
1079 1343 1239 1407 nobilitatis

143 1437 160 1489 2
181 1429 295 1491 obviam
309 1430 383 1490 itum
398 1438 451 1502 est,
467 1449 539 1508 quae
554 1429 700 1490 contentio
717 1429 811 1489 divina
825 1437 854 1489 et
867 1430 994 1491 hnmana
1009 1437 1113 1491 cuncta
1127 1428 1238 1508 permi-

181 1514 257 1575 scuit
269 1532 363 1592 eoque
377 1515 526 1574 vecordiae
541 1514 693 1592 processit,
712 1514 753 1574 uti
768 1514 870 1574 studiis
887 1514 1014 1575 civihhus
1030 1513 1140 1575 bellurn
1153 1521 1238 1593 atquc

144 1602 160 1653 ³
181 1598 298 1660 vastitas
311 1598 405 1658 ltaliae
419 1599 507 1658 linern
523 1600 635 1659 laceret.
659 1597 716 1658 Sed
731 1598 901 1677 priusquam
916 1597 1121 1659 huiuscemodi
1135 1598 1179 1659 rei
1193 1598 1238 1659 in·

56 1674 60 1685 “
180 1682 264 1743 itium
289 1682 425 1761 expedio,
455 1701 546 1762 pauca
570 1701 659 1761 snpra
682 1691 825 1761 repetam,
852 1702 910 1762 quo
937 1684 972 1745 ad
997 1683 1238 1762 cognoscendum

182 1767 282 1828 omnia
296 1767 416 1827 illustria
431 1767 523 1845 magis
538 1767 687 1847 magisque
702 1768 733 1828 in
747 1775 847 1847 aperto
863 1768 931 1829 sint.

144 1857 162 1908 4
265 1852 343 1913 Bello
358 1851 469 1913 Punico
485 1853 629 1924 secundo,
650 1873 708 1932 quo
725 1853 782 1913 dux
799 1851 1079 1931 Carthaginiensium
1092 1851 1238 1915 Hannibal

180 1944 251 2016 post
271 1936 499 2014 magnitudinem
516 1937 645 1998 nominis
660 1937 785 1999 Romani
799 1938 893 1999 ltaliae
913 1957 985 2017 opes
1004 1956 1143 1999 maxume
1156 1936 1238 2000 attri-

181 2138 234 2190 Cic.
256 2156 280 2206 p.
307 2139 391 2205 Quint.
423 2140 466 2204 18,
491 2141 524 2191 59
552 2144 682 2208 matr'querrc
735 2143 780 2194 das
797 2140 855 2191 Amt
872 2140 952 2191 selbst
972 2141 1053 2191 nichts
1073 2155 1107 2221 ιιιΙ
1128 2141 1239 2193 innam

181 2209 421 2343 ditionii?
437 2208 683 2328 alitent
735 2209 1239 2341 ltflltetttzllltttll'ri..

182 2342 280 2392 coierit.
736 2345 781 2394 das
793 2343 834 2392 l'rir
845 2343 930 2393 blosse
939 2343 1182 2408 Vorhernerhungen
1194 2358 1238 2409 ge·

216 2413 276 2475 quo'a
373 2425 425 2459 non
448 2417 497 2460 etc.
520 2411 566 2461 Die
590 2411 682 2463 Worte
737 2417 841 2461 otnttete
871 2410 955 2461 Manes
983 2427 1015 2460 zu
1042 2411 1159 2461 hinden“
1183 2412 1238 2463 ti.

181 2475 291 2526 lrbnnten
307 2477 353 2526 mit
368 2478 511 2527 demselhcn
527 2480 602 2529 Sinne
621 2481 682 2530 auch
737 2479 817 2543 „iiber
828 2478 896 2528 dices
908 2477 993 2530 blusso
1004 2478 1126 2530 hinaua“.

182 2544 283 2594 heissen
300 2547 345 2610 qui
352 2547 479 2611 probitate
490 2547 681 2612 outmdnstrna,
769 2546 861 2596 altius:
882 2546 929 2595 Ein
947 2546 1071 2597 Erlliircr
1086 2552 1146 2611 aagt
1166 2549 1241 2615 quael

182 2626 213 2660 ae
229 2627 280 2661 non
300 2611 394 2662 dicam
414 2617 440 2662 et
459 2617 604 2682 sumptibus
625 2629 683 2665 curn
735 2614 943 2664 ermenteus

181 2682 241 2729 mat.
255 2682 310 2730 racis
322 2680 474 2730 contendat?
771 2674 799 2731 5.
826 2681 848 2730 1.
872 2686 1019 2750 empturus
1041 2697 1117 2733 nnn:
1139 2682 1239 2747 cigent-

216 2765 330 2815 boma‘nea
341 2768 413 2815 nott:
430 2782 462 2815 zu
474 2765 527 2816 Cat.
540 2764 586 2829 2³,
604 2765 628 2816 6.
736 2749 813 2799 lichsss
823 2748 949 2833 Pffl⁸⁸⁰¹3⁸
960 2749 1070 2832 periphr.
1203 2818 1211 2831 ,

216 2853 305 2899 malea:
323 2850 428 2899 nimllch
446 2852 514 2914 „che
530 2851 614 2900 dieser
631 2849 683 2900 Zu-
736 2822 1023 2949 νεῖᾝῗθῖαοηω
1041 2816 1127 2868 AM
1142 2817 1238 2885 qum*

772 2951 795 3001 3.
819 2953 940 3022 saeperita:
951 2953 1004 3003 Der
1014 2952 1091 3004 indic.
1103 2951 1195 3005 Prien.
1206 2952 1239 3003 iat

281 3072 286 3084 ,
538 3072 570 3085 Η
661 3071 666 3082 ,
737 3035 801 3083 ganz
819 3023 873 3071 dem
891 3021 1110 3086 Sprachgchrauch
1123 3022 1237 3085 genien

208 3070 311 3135 sarem
334 3073 360 3118 0⁸
381 3085 430 3149 ner,
451 3069 599 3120 ueroeam:
640 3070 683 3120 ⁵¹0
738 3086 1240 3155 socrc.p.nrr.a‚reaameqame

183 3136 279 3185 atehlen
292 3136 338 3186 uui
347 3137 549 3201 Schlerchwegen
563 3139 613 3187 und
625 3153 683 3188 rau·
738 3171 795 3205 „am
806 3159 947 3207 orationem
958 3159 1029 3206 mio
1052 3172 1117 3223 Μ
1127 3160 1171 3207 „p
1177 3171 1239 3225 pn.

182 3202 230 3253 beu
240 3204 315 3254 durch
326 3204 390 3253 oll'ne
401 3203 549 3255 Gewnltdic
559 3205 683 3256 Wlirdeu.
734 3227 795 3291 pria
815 3228 916 3274 mm„
932 3194 1099 3290 qumff’mp,
1120 3223 1239 3275 mm

218 3287 242 3337 8.
269 3289 425 3339 habeantur.-
453 3290 508 3339 dem
537 3288 683 3340 Wortleute
738 3306 768 3340 ea
784 3292 850 3340 milri
867 3309 924 3341 erre
943 3291 1094 3357 refutanda,
1108 3307 1176 3358 quae
1190 3298 1238 3341 etr.

184 3357 245 3405 nach
257 3357 429 3419 „domgemiiss
439 3357 559 3407 hcsesscu
571 3359 683 3420 wiirden,
739 3357 807 3406 Doch
824 3359 858 3407 ist
873 3360 919 3408 der
930 3358 1079 3422 Conjnnctiv
1098 3359 1161 3421 (tlon
1178 3359 1238 3409 anch

183 3423 233 3472 wie
253 3440 277 3472 u.
293 3424 375 3473 s.w.“
410 3424 462 3472 Iler
485 3424 546 3474 Sion
567 3425 602 3474 ist
622 3425 683 3487 „die
737 3425 792 3474 hier
809 3426 891 3488 einige
912 3433 972 3489 gnte
988 3426 1125 3476 Handschr.
1144 3426 1237 3488 heheu)

183 3488 299 3540 Wiirdcn
322 3492 447 3554 gestnlten
471 3492 523 3541 sich
544 3492 584 3541 hcl
606 3493 683 3541 ihrern
737 3492 1177 3558 ebenlullsnichtnngehriuclrlich‚
1195 3508 1239 3543 na-

184 3556 296 3621 Besitze‚
309 3559 349 3608 bei
361 3559 430 3608 ihrer
442 3559 609 3622 llandhehung
620 3575 683 3621 ganz
736 3560 854 3610 mentlibh
865 3576 937 3611 wenn
954 3562 1000 3611 der
1012 3560 1132 3612 Gedtnke
1143 3560 1238 3612 verull-

185 3624 240 3674 tlem
252 3624 351 3675 Maasse
365 3627 410 3676 der
423 3627 549 3676 sittlichen
562 3625 682 3689 Tiicbtig·
737 3628 877 3692 gemeincrt
898 3629 948 3678 und
971 3630 1041 3679 mehr
1068 3628 1238 3693 hedingunga-

184 3690 238 3742 leit
250 3694 352 3756 descen,
374 3695 419 3743 der
431 3695 468 3743 sie
480 3694 537 3743 inne
550 3695 604 3756 hat,
626 3701 682 3743 cnt-
737 3696 816 3746 weise
829 3697 974 3759 hingestellt
984 3697 1087 3746 werden
1100 3696 1159 3747 soll.

184 3761 348 3823 sprechend“.
371 3760 467 3811 Derane
479 3760 550 3824 lolgt,
563 3762 621 3810 dass
634 3761 682 3823 die,
771 3763 795 3813 4.
814 3767 877 3831 post
887 3771 935 3814 etc.
953 3801 968 3827 „
976 3764 1025 3814 seit
1036 3765 1083 3813 der
1094 3762 1168 3828 zela,
1180 3764 1239 3815 clm

183 3827 279 3876 welche
301 3844 347 3876 nur
363 3829 439 3878 durch
457 3829 582 3878 schlechte
599 3827 683 3877 Mittel
737 3831 777 3881 die
793 3832 916 3881 romische
928 3829 1012 3882 Mucht
1028 3831 1054 3881 ln
1068 3831 1240 3883 nerknnter

184 3908 240 3945 zum
252 3893 591 3960 Amtegelnngeuhonnten,
606 3897 681 3945 durch
737 3897 976 3950 Grbssehestand“.
1224 3900 1229 3911 ‘

183 2917 255 2966 stand
267 2917 424 2980 eingetreten
436 2919 516 2967 wnr“.
544 2918 627 2968 Deher
639 2919 683 2968 das

182 2982 340 3050 Plusqnamp.
351 2985 425 3035 rolite'
437 2989 518 3036 ermrt.
