2564 4380
353 246 396 295 ΒΕ
414 246 521 297 BELLO
539 246 693 298 lUGUR'l'll.
728 247 755 297 C.
774 247 892 315 §8—91.

1092 249 1152 310 193

97 416 201 476 aspera
216 397 377 470 videbatur,
398 407 426 458 et
440 398 567 460 Metellus
589 399 731 479 oppidum
745 399 863 460 Thalam
878 417 983 477 magna
998 399 1088 476 gloria
1104 419 1151 460 ce-

98 489 188 561 perat,
203 482 279 541 haud
295 481 471 542 dissimiliter
486 483 574 543 sitnm
589 483 799 559 munitumque,
814 484 871 543 nisi
886 485 965 562 quod
981 485 1058 562 apud
1074 485 1151 544 Tha-

99 566 156 625 lam
176 582 237 624 non
257 565 343 644 longe
362 586 377 626 a
397 567 551 627 moenibus
571 568 679 645 aliquot
693 567 787 629 sontes
803 575 895 648 erant,
918 567 1079 646 Capsenses
1093 586 1152 628 una
1219 556 1243 573 ³

98 649 189 708 modo
204 657 288 726 atque
303 669 335 709 ea
350 649 424 709 intra
440 651 581 729 oppidum
596 651 654 728 iugi
669 669 756 727 aqua,
772 658 864 710 cetera
877 650 972 728 pluvia
987 652 1149 713 utebantur.

99 732 131 792 ld
151 732 246 810 ibique
261 733 332 795 etin
349 734 430 792 omni
445 735 552 807 Africa,
571 752 643 811 quae
658 733 760 812 procul
776 753 792 792 a
806 733 879 793 mari
893 733 1026 815 incultius
1042 736 1150 812 agebat,
1172 747 1186 795 t

99 835 133 874 eo
154 816 264 876 facilius
283 818 470 889 tolerabatur,
493 818 717 895 quia'Nnmidae
736 816 906 895 plerumque
924 817 995 877 lacte
1014 827 1042 878 et
1062 820 1152 880 lerina
1221 850 1225 861 ·

99 918 185 959 carne
204 901 394 960 vescebantur
419 909 448 960 et
471 919 565 979 neque
584 902 673 960 salem
692 920 786 978 neque
806 900 858 960 alia
876 899 1052 962 irritamenta
1071 904 1152 980 gulae

98 984 286 1060 quaerebant:
303 984 384 1043 cibus
397 984 452 1044 illis
467 985 622 1044 advorsum
639 987 743 1054 famem
759 992 843 1061 atque
858 984 945 1055 sitim,
959 1001 1021 1042 non
1031 985 1151 1046 lubidini
1172 995 1188 1045 8

98 1085 192 1144 neque
206 1067 333 1126 luxuriae
348 1075 416 1127 erat.
443 1069 533 1145 Igitur
548 1068 651 1128 consul
666 1068 802 1127 omnibus
817 1067 985 1146 exploratis,
1006 1068 1091 1127 credo
1107 1070 1152 1129 dis
1164 1067 1205 1127 90

100 1152 205 1221 lretns,
220 1185 261 1193 -
276 1167 344 1209 nam
362 1158 463 1210 contra
478 1159 570 1211 tantas
586 1152 765 1211 difficultates
782 1151 902 1210 consilio
919 1150 988 1210 satis
1003 1151 1155 1228 providere

99 1251 162 1292 non
182 1240 308 1309 poterat3
334 1234 441 1312 quippe
461 1234 546 1294 etiam
567 1235 704 1294 frumenti
724 1235 822 1312 inopia
842 1229 1057 1312 temptabatur,
1076 1235 1155 1312 quod

99 1316 241 1375 Numidae
256 1315 360 1394 pabulo
376 1318 491 1396 pecoris
505 1318 597 1395 magis
614 1337 700 1396 quam
716 1337 783 1378 arvo
799 1319 928 1390 student,
949 1326 976 1377 et
990 1317 1154 1395 quodcum·

101 1419 157 1477 que
182 1408 283 1459 natum
302 1401 393 1460 fuerat
411 1401 493 1460 iussu
513 1401 589 1479 regis
609 1402 638 1460 in
656 1402 719 1461 loea
738 1402 850 1483 munita
869 1402 1061 1472 contulerant,
1088 1420 1156 1479 ager

100 1490 197 1542 autem
216 1483 312 1543 aridus
324 1483 360 1544 'et
380 1486 496 1562 frugum
510 1504 617 1545 vacuus
637 1505 670 1545 ea
685 1494 867 1564 tempestate3
889 1503 957 1544 nam
973 1484 1087 1545 aestatis
1103 1504 1154 1545 ex·

100 1576 227 1626 tremum
246 1575 306 1627 erat
320 1588 361 1612 -·-
375 1577 473 1630 tamen
493 1588 548 1648 pro
568 1569 609 1629 rei
630 1570 712 1647 eopia
735 1569 804 1629 satis
819 1569 1005 1649 providenter
1019 1576 1152 1629 exornat:

63 1666 67 1671 ’
100 1669 189 1729 pecus
206 1669 304 1723 omne,
325 1653 403 1729 qnod
419 1652 617 1731 superioribus
634 1653 734 1712 diebus
749 1655 871 1732 praedae
886 1653 990 1725 iuerat,
1010 1653 1153 1730 equitibus
1173 1659 1190 1708 2

48 1794 51 1799 .
99 1734 253 1794 auxiliariis
273 1737 420 1812 agundum
440 1737 581 1810 attribuit,
601 1738 633 1796 Α.
645 1737 782 1796 Manlium
801 1738 926 1814 legatum
941 1756 1008 1796 eum
1023 1736 1153 1796 o'ohorti·

99 1818 154 1877 bus
175 1819 313 1896 expeditis
334 1821 370 1879 ad
391 1821 533 1899 oppidum
547 1821 641 1892 Laris,
660 1821 710 1880 ubi
725 1821 902 1898 stipendium
917 1829 944 1879 et
960 1829 1154 1880 commeatum

99 1902 252 1974 locaverat,
275 1903 316 1962 ire
335 1903 413 1963 iubet
433 1904 557 1980 dicitque
575 1922 606 1962 se
626 1904 864 1981 praedabundum
885 1911 953 1980 post
967 1922 1076 1980 paucos
1093 1904 1154 1962 dies

99 1986 203 2044 eodem
223 1993 384 2045 venturum.
425 1987 474 2046 Sic
498 1987 614 2064 incepto
640 2005 694 2045 suo
715 1987 855 2045 occultato
873 1986 970 2063 pergit
989 1986 1024 2044 ad
1044 1986 1153 2045 flumen

99 2070 217 2128 Tanam.
246 2069 379 2128 Ceterum
398 2069 428 2127 in
447 2069 548 2128 itinero
568 2068 696 2146 quotidie
715 2087 804 2147 pecus
825 2068 961 2127 exercitui
980 2087 1033 2145 per
1052 2076 1152 2128 eentu—
1165 2065 1206 2126 91

55 2200 60 2210 ,
98 2153 157 2212 rias
173 2153 241 2211 item
256 2160 366 2211 turmas
382 2152 536 2230 aequaliter
550 2153 741 2224 distribuerat,
757 2162 785 2211 et
800 2172 833 2210 er
849 2152 935 2210 coriis
950 2159 1029 2210 utres
1044 2151 1086 2210 uti
1101 2152 1153 2211 fie-

99 2244 165 2295 rent
181 2235 310 2309 curabat3
325 2236 411 2295 simul
426 2245 454 2296 et
468 2236 598 2314 inopiam
613 2236 750 2296 frumenti
761 2236 849 2294 lenire
861 2242 889 2294 et
900 2234 1006 2312 ignaris
1019 2234 1155 2294 omnibus
1191 2274 1194 2279 ·

133 2439 203 2500 largi:
222 2439 291 2501 togas
307 2453 374 2502 aqua
390 2437 424 2486 ist
444 2438 602 2498 „dauemdes

102 2504 243 2565 (anbaltend
256 2505 410 2567 quellendes)
423 2503 558 2553 Wasser“.

134 2575 232 2620 cetera:
248 2571 353 2620 n‘a‘mlicb
365 2587 439 2636 aqua.

134 2637 158 2686 i.
187 2637 293 2702 rigebat:
325 2639 515 2700 ungewbllnlich
545 2655 602 2688 vom

100 2705 185 2754 Lande
199 2705 335 2765 gebraucht
345 2705 393 2753 wie
408 2712 480 2754 sonst
491 2721 540 2752 von
554 2707 602 2756 dcn

101 2770 245 2820 Menscben.
272 2771 341 2818 Doclr
361 2771 437 2819 denkt
458 2771 519 2819 Sall.
539 2773 602 2834 hier,

102 2852 143 2884 wo
156 2837 263 2884 vender
276 2836 411 2897 geringern
423 2836 602 2900 Notbn'endig-

102 2903 156 2952 leit
167 2904 212 2951 des
224 2901 414 2951 Trinlrwassers
428 2903 467 2951 die
480 2903 548 2952 llede
560 2905 602 2967 ist,

102 2969 215 3032 zugleiclr
236 2971 286 3018 und
306 2969 491 3034 haupts'aicbliclr
510 2986 541 3020 an
563 2972 603 3020 die
635 2996 636 3000 ,

48 3062 52 3067 ·
102 3037 262 3097 Einwobner

137 3094 189 3152 90.
220 3103 240 3151 l.
259 3103 362 3153 coasilio
386 3109 436 3153 sat.
455 3105 605 3171 proaddere:

103 3170 247 3234 gegeniiber
266 3171 312 3219 der
331 3171 455 3232 gebollten
476 3172 603 3235 Fiirsorge

103 3240 150 3287 der
162 3236 262 3286 Glitter.

138 3306 323 3370 temptabatur:
338 3321 384 3368 „er
396 3307 482 3354 nurde
494 3307 603 3369 heimge-

104 3373 202 3421 suebt“.

60 3502 64 3509 ι
135 3438 603 3506 pabuloetc.„sietragenrnelrrsorge

103 3506 146 3555 sair
156 3506 317 3555 Viebweiden
334 3507 372 3555 als
388 3507 430 3556 liii·
446 3509 604 3557 anzubauen-

103 3575 149 3622 des
161 3572 256 3623 Land‘fi
274 3573 320 3622 llie
330 3573 409 3636 Fulge
422 3575 501 3623 davon
514 3573 624 3623 istGe·¹

103 3641 293 3703 treidenmngel.

657 2445 717 2499 tung
733 2437 797 2486 aller
812 2437 961 2498 Umstiinde,
983 2436 1095 2498 obgleich
1111 2437 1156 2486 das

656 2504 1156 2554 Unternebruenwobliibermenscbliebe

656 2569 1155 2633 liralbbindusging-denndieSebwie-

656 2638 778 2698 mgkeiten
796 2653 881 2686 waren
903 2637 1082 2698 iibergross-
1093 2638 1156 2686 doch

656 2705 688 2753 im
702 2705 864 2754 Verh'altniss
878 2721 909 2753 zu
921 2705 968 2752 den
981 2705 1157 2752 verbandehen

656 2770 756 2835 Mitteln
769 2772 840 2820 recht
851 2771 1005 2832 vorsorglicb
1015 2769 1156 2818 Zuriistun-

656 2853 713 2898 gen.
726 2837 772 2886 Ub.
782 2840 854 2903 copia
862 2854 893 2886 zu
899 2837 975 2899 39,5;
986 2851 1115 2887 emeram
1123 2837 1158 2886 ist

657 2904 757 2953 absolut
766 2904 962 2967 gebraucht,wie
968 2903 1156 2970 bitersparure.

691 2970 715 3020 2.
733 2971 821 3020 Luras:
848 2972 893 3020 Die
919 2972 992 3020 Stadt
1011 2971 1090 3019 Lares
1116 2971 1158 3032 lag

658 3039 782 3087 zwisebeu
799 3038 870 3087 Sicca
886 3039 936 3086 und
953 3037 1041 3098 Zama,
1065 3053 1096 3084 an
1113 3037 1158 3084 der

658 3105 799 3166 Ostgrenze
814 3121 864 3153 von
877 3103 1020 3164 Numidica,
1043 3110 1109 3151 etwa
1126 3101 1158 3149 30

658 3188 743 3234 geogr.
752 3171 821 3221 Meil.
835 3171 946 3219 no'rdlieh
960 3185 1008 3217 von
1018 3170 1106 3232 Capsa.
1125 3169 1158 3216 So

657 3239 744 3287 wurde
753 3239 793 3285 die
800 3236 1028 3286 ,bulmerksmnkeit
1034 3235 1158 3283 dcchin-

658 3306 702 3353 des
712 3304 757 3352 nul
763 3300 1160 3364 einenweitabgelegenenPunct

658 3372 797 3432 gewendet.

696 3436 805 3488 Telamo:
841 3436 956 3487 Genaucs
985 3437 1047 3484 iiber
1074 3434 1159 3481 diesen

659 3506 734 3555 Fluss
747 3505 781 3554 ist
794 3505 860 3554 nieht
872 3504 987 3552 bekannt.

693 3563 745 3621 91.
776 3571 799 3619 l:
815 3572 1038 3636 percontarier.
1048 3582 1160 3630 aequa-

659 3639 732 3688 liter.-
726 3633 1160 3694 AlleCenturienbekamcngleich-

138 3710 277 3758 imraertetc
283 3707 556 3769 llerZusammenban„
562 3708 607 3756 der
654 3705 710 3754 *viel
731 3705 781 3752 und
801 3702 960 3764 desgleicben
980 3700 1030 3749 alle
1051 3696 1186 3750 Turmen

103 3790 199 3837 ganzen
211 3774 317 3824 Periode
331 3776 365 3823 ist
377 3776 472 3823 dieser:
486 3776 532 3822 der
543 3774 608 3822 Con-

102 3840 607 3891 sulmacbtedahernachuskundsrbal-

158 3923 250 3966 Sas.llul
267 3922 339 3980 Crisp.

661 3771 801 3835 gleirhviel

695 3837 783 3888 sitrici:
804 3835 1024 3922 Dichrbindung
1045 3835 1080 3884 ist
1098 3835 1161 3897 „da-

895 3918 961 3967 13
