2564 4380
311 247 354 300 nn
372 246 479 299 nune
497 245 651 300 tenuare.
687 247 850 299 eae-12.
1050 253 1110 315 105

53 407 133 467 Tum
155 402 235 465 idem
257 400 407 480 Hiempsal
431 402 543 480 plaeere
562 400 618 462 sibi
637 402 802 482 respondit3
828 420 896 463 nam
914 403 1013 481 ipsum
1031 405 1112 466 illum
1132 417 1148 466 6

54 489 153 551 tribus
171 486 322 567 proxumis
337 487 420 547 annis
437 486 622 565 adoptatione
637 487 667 546 in
681 506 805 564 regnum
820 489 996 566 pervenisse.
1024 491 1111 562 Quod
1132 502 1146 550 7

56 574 179 635 verbum
190 572 222 633 in
235 580 338 651 peetus
349 572 504 649 Iugurthae
519 571 602 631 altius
618 591 706 650 quam
721 573 874 651 quisquam
889 581 968 633 ratus
985 582 1045 634 erat
1060 575 1112 634 de-

57 657 178 720 seendit
203 657 301 736 ltaque
316 676 351 716 ex
365 676 400 716 eo
416 664 549 734 tempore
563 656 605 716 ira
620 665 648 717 et
662 665 742 716 metu
756 657 858 717 annius
873 658 983 730 moliri,
1000 677 1110 736 parare,
1132 668 1147 717 8

55 751 142 822 atque
161 761 195 803 ea
214 742 304 802 modo
324 761 391 802 eum
406 741 504 801 animo
520 740 639 814 hahere,
659 742 764 819 quihus
780 742 928 819 Hiempsal
943 761 996 820 per
1011 743 1112 804 dolum

55 834 216 907 caperetur.
238 826 319 899 Quae
333 826 383 886 nbi
397 825 507 886 tardius
523 827 697 904 precedunt,
712 844 807 904 neque
820 826 926 887 lenitur
940 827 1054 889 animus
1070 829 1111 888 te·
1132 842 1147 891 9

53 930 120 986 rex,
136 911 237 973 statuit
250 911 353 990 quevis
368 911 459 971 mode
474 911 622 989 inceptum
637 911 784 989 perficere.

80 1040 84 1047 -
140 995 243 1057 Primo
258 1003 419 1068 conventu,
442 1015 529 1074 quem
544 996 578 1056 ah
594 995 701 1072 regulis
717 997 825 1056 laetum
841 1014 930 1074 supra
944 997 1112 1071 memoravi,
1126 1005 1165 1065 12

56 1088 181 1162 prepter
201 1080 418 1141 dissensionem
437 1081 583 1158 placuerat
598 1079 684 1140 dividi
699 1081 852 1141 thesauros
868 1081 992 1159 tinisque
1007 1082 1111 1160 imperi

55 1165 180 1245 singulis
200 1164 347 1226 constitui.
377 1165 475 1243 ltaque
493 1173 609 1243 tempus
630 1165 666 1225 ad
686 1173 838 1242 utramque
857 1184 920 1224 rem
939 1167 1112 1240 decernitur,
1133 1181 1148 1230 2

55 1252 110 1313 sed
123 1249 267 1311 maturius
283 1250 319 1310 ad
333 1248 486 1328 pecuniam
503 1249 741 1309 distribuendam.
764 1249 865 1326 Reguli
880 1249 989 1311 interea
1003 1251 1034 1310 in
1048 1250 1113 1312 loea

55 1334 224 1417 propinqua
241 1333 385 1395 thesauris
405 1333 477 1394 alius
493 1333 547 1394 alio
565 1352 746 1395 eoneessere.
775 1335 832 1394 Sed
847 1334 996 1413 Hiempsal
1010 1335 1041 1394 in
1056 1355 1112 1413 op·
1133 1349 1148 1398 3

56 1420 129 1501 pide
149 1418 301 1480 Thirmida
318 1419 393 1480 ferte
413 1418 475 1479 eius
496 1420 585 1479 dome
606 1419 753 1490 utebatur,
775 1418 824 1496 qui
845 1438 1008 1496 proxumus
1028 1419 1113 1481 lietor

47 1504 212 1583 „Iugurthae
238 1522 322 1564 eorus
348 1512 541 1582 acceptusque
561 1503 586 1563 ei
607 1523 724 1582 semper
742 1503 846 1577 tuerat3
872 1523 959 1581 quern
978 1503 1024 1564 ille
1045 1523 1114 1566 casu

57 1588 228 1651 ministrum
247 1588 376 1649 oblatum
395 1589 552 1667 premissis
572 1596 674 1648 onerat
693 1588 884 1666 impellitque,
904 1588 946 1648 uti
965 1597 1114 1667 tamquam

56 1693 143 1737 enam
161 1672 259 1733 visens
279 1674 402 1733 domurn
421 1681 479 1746 eat,
499 1682 651 1752 portarum
672 1673 757 1733 elaris
778 1672 951 1733 adulterinas
971 1681 1053 1752 paret
1071 1708 1113 1719 -

56 1777 128 1827 nam
144 1776 229 1819 uerae
253 1758 289 1818 ad
308 1757 504 1836 Hiempsalem
529 1758 727 1818 reserebantur
746 1779 801 1830 -3
829 1766 970 1830 ceterum,
995 1758 1046 1818 uhi
1065 1777 1112 1818 res

57 1843 227 1924 postularet,
242 1861 274 1902 se
288 1841 387 1921 ipsum
403 1863 471 1902 enm
484 1861 589 1921 magna
603 1861 693 1903 manu
703 1850 866 1902 venturum.
889 1842 1013 1903 Numida
1027 1862 1112 1903 man-
1134 1855 1150 1904 4

58 1929 124 1991 duta
137 1926 217 1989 brevi
232 1927 350 1987 eontieit
364 1935 458 2005 atque,
474 1927 516 1987 uti
531 1929 636 1988 doetus
652 1934 722 1998 erat,
738 1935 828 1986 noetu
839 1927 993 2002 Iugurthae
1008 1927 1112 1987 milites

58 2011 226 2074 introducit
249 2011 306 2084 Qui
320 2019 478 2091 postquam
492 2011 523 2071 in
537 2011 616 2071 aedis
631 2010 771 2088 irrupere,
790 2010 899 2069 divorsi
914 2029 1012 2086 regem
1025 2030 1112 2088 quae·
1134 2025 1148 2073 5

60 2116 139 2171 rere,
154 2095 325 2158 dormientis
340 2096 423 2168 alios,
439 2095 511 2156 alios
528 2095 711 2156 occursantis
727 2095 896 2166 interficere,
912 2095 1035 2154 serutari
1048 2095 1113 2155 toea

92 2333 117 2385 6.
144 2335 241 2386 tradas:
258 2333 358 2397 Wegen
371 2334 415 2382 der
426 2331 557 2382 Zertreeh
645 2348 723 2400 paneae
732 2331 776 2382 liet
765 2336 820 2382 6666
832 2299 1114 2395 eigentliehderletzte

57 2416 126 2466 rung
141 2401 193 2465 vgl.
211 2402 289 2465 669,
308 2401 332 2450 3.

91 2470 253 2520 1666166666
270 2470 346 2519 istiu
365 2470 449 2519 dreser
461 2469 557 2517 Beden

56 2544 144 2601 tang,
147 2536 351 2601 ,181666666665
361 2544 441 2587 senst
459 2537 557 2586 666161

57 2607 107 2656 dan
123 2601 261 2655 Komikern
279 2575 369 2655 1111161.

91 2676 169 2725 ratae
180 2677 249 2722 erat:
267 2672 317 2722 llas
329 2672 488 2737 Plusquamp
501 2673 558 2720 dar-

57 2755 103 2792 666
122 2756 155 2790 66
172 2740 302 2803 66111666,
330 2741 388 2789 dass
407 2739 468 2788 Sall.
488 2739 560 2788 dabei

57 2809 98 2859 die
122 2807 224 2873 spiitere
245 2807 303 2857 Zeit
324 2807 357 2856 im
384 2806 459 2856 Sinna
481 2808 558 2869 hatte,

56 2890 98 2925 we
117 2875 170 2925 sieh
188 2881 243 2925 eret
260 2875 352 2938 zeigte,
370 2875 419 2924 wie
438 2873 487 2923 tief
499 2874 559 2936 jene

10 2987 15 2995 .
56 2942 223 3007 Aenseernng
251 2943 299 2992 den
327 2943 384 3006 Jng.
411 2942 559 2992 veromadet

56 3010 130 3061 1616.

91 3076 118 3127 8.
158 3092 216 3129 6666
241 3092 282 3127 att.
309 3079 417 3128 habere:
446 3076 558 3140 Analege

56 3142 226 3209 wendengen
243 3141 299 3195 sind
317 3146 456 3196 66616666.
475 3161 498 3194 a.
517 3144 557 3208 93,

59 3211 368 3276 1;,;a.oh·ereea62
390 3212 436 3261 108
442 3212 558 3275 ,titge-

56 3280 214 3345 wdhnlieher
230 3288 317 3331 666666
333 3280 462 3344 eoleere);
483 3295 559 3348 repa-

57 3340 258 3410 66666613,
278 3347 302 3396 5.

94 3406 144 3466 12.
172 3415 196 3465 3.
221 3415 350 3483 Hiempsal
367 3422 415 3465 eto.
442 3415 493 3465 Das
505 3415 560 3465 1166

56 3484 151 3535 6661666
158 3483 278 3533 1166111166
291 3485 398 3546 gesehah
407 3482 455 3532 631
471 3483 558 3546 (111)

56 3550 147 3603 Htwae
179 3551 340 3601 ubweiehend
374 3551 472 3600 erziihlt
502 3551 558 3600 Liv.

56 3619 121 3671 meh
138 3618 184 3684 Hp.
197 3617 230 3668 62
248 3617 376 3682 Iugurtha
392 3617 560 3734 Hiempsalem

49 3686 173 3752 svaran
195 3689 272 3755 peta‘a't
296 3685 409 3751 betto,'
405 3689 458 3752 qui
478 3689 528 3736 666
528 3701 559 3734 ue

58 3753 241 3873 namnida:
266 3821 312 3872 nie
335 3820 402 3883 Lege
426 3820 559 3870 1666616-

613 2400 638 2449 in
661 2401 707 2449 der
728 2400 806 2450 lleihe
830 2401 875 2448 der
897 2401 952 2448 dem
975 2398 1114 2449 6616Μ6-

613 2469 704 2531 gistrat
716 2467 968 2517 voransehreitenden
986 2467 1114 2531 Lieteren,

613 2537 690 2585 daher
707 2536 755 2585 ihm
773 2535 819 2584 der
836 2535 986 2595 n‘aichste3'
980 2551 1012 2584 nn
1029 2534 1114 2598 Range

613 2605 658 2652 der
684 2605 795 2653 ho'ehste.
842 2603 904 2652 Deru
933 2604 1115 2668 entspreehend

613 2671 675 2733 hier,
694 2671 739 2720 mit
755 2671 919 2731 Anwendung
939 2673 1001 2719 6616.
1019 2669 1115 2720 Numen

613 2738 658 2787 661
667 2739 779 2787 11611616
792 2737 887 2786 sremde
899 2737 978 2799 [linge
999 2739 1044 2799 (zu
1058 2737 1114 2787 Cat.

613 2805 653 2867 53,
673 2805 706 2868 3),
725 2806 796 2854 einer
811 2806 857 2853 der
866 2804 1008 2854 'l'rabunten
1022 2805 1114 2866 lugar-

613 2874 676 2935 thas,
695 2874 740 2922 der
752 2874 800 2922 ihm
819 2871 960 2937 persdnlieh
978 2871 1114 2921 besenders

613 2941 675 2989 nahe
688 2940 760 2989 stand
778 2941 827 2988 und
845 2955 886 2989 nm
904 2939 945 2987 ihn
964 2937 1117 3001 beschiiltigt

612 3022 674 3069 war,
694 3006 936 3056 sustentabant.

647 3111 721 3147 ease:
742 3095 788 3145 mit
804 3097 889 3158 Bezng
909 3094 954 3144 auf
962 3096 1041 3161 sorte
1061 3099 1115 3147 etas

613 3163 687 3215 demo
700 3166 821 3214 utebatur
833 3170 881 3213 ete.

647 3257 843 3320 reserebantur:
861 3254 966 3303 niimlieh
979 3255 1062 3317 „nach
1074 3252 1116 3317 je-

613 3323 773 3386 desmaligetn
799 3321 1013 3382 Znsehliessen’';
1040 3323 1117 3373 daher

613 3391 658 3439 das
670 3388 770 3455 Imperi.
780 3419 814 3426 -
823 3389 939 3440 Naehher
948 3391 990 3439 hat
998 3405 1054 3438 man
1064 3389 1117 3439 sieh

613 3458 653 3506 bei
671 3462 783 3509 ceterum
800 3465 848 3508 ete.
871 3458 916 3506 das
933 3456 1050 3506 Weitere
1072 3458 1116 3507 dee

614 3524 735 3589 Aultrags
756 3541 878 3589 genauer,
900 3539 928 3572 so
949 3524 997 3573 wie
1018 3540 1046 3574 es
1064 3525 1116 3575 siah

613 3609 659 3643 aus
672 3595 727 3644 dem
744 3593 875 3656 folgenden
888 3591 991 3655 Paragr
1010 3592 1115 3656 ergiebt,

614 3677 646 3710 zu
659 3662 764 3711 denhen

648 3749 1002 3814 {summensteten
1025 3750 1116 3800 lmur

614 3819 789 3885 spriingliehen
815 3818 939 3868 iirtliehen
963 3818 1038 3870 Sinna
1067 3819 1115 3870 wie

612 3885 827 3950 1166166511,
847 3884 925 3950 81,4.
