2564 4380
185 267 225 331 84

184 440 267 483 mum
287 422 362 482 lactu
381 429 461 482 ratus
480 421 511 481 in
530 421 577 482 tali
597 440 628 481 re
643 422 790 484 fortunam
804 421 869 483 belli
881 429 1036 501 temptare,
1056 422 1162 484 statuit
1176 441 1237 486 con
1273 448 1276 457 ·

548 267 576 318 (1.
594 266 754 320 SALLUSTI
770 265 872 319 calon

148 521 164 572 6
185 507 311 568 11313313
331 507 560 586 quamprimum
576 507 738 586 3331113333.
767 508 864 587 ltaque
879 507 1015 570 contione
1028 507 1173 570 advocata
1186 509 1237 572 ho·

132 679 173 742 ⁶8

185 592 344 653 iuscemodi
360 592 520 653 orationem
535 592 647 653 habuit:

270 678 483 756 „Compertum
503 696 555 755 333
575 677 682 751 habeo,
704 679 823 751 milites,
844 677 929 739 verba
948 678 1083 740 virtutem
1103 695 1169 740 non
1189 679 1237 740 ad*

185 763 265 836 dere,
287 782 380 841 neque
399 783 434 824 ex
448 763 550 840 ignavo
566 771 716 824 strenuum
732 783 825 843 neque
840 765 944 824 sortem
960 784 993 825 33
1008 764 1112 825 timido
1129 765 1237 826 exord·

148 856 163 908 2
184 857 247 910 tum
267 849 397 910 oratione
415 848 598 927 imperatoris
618 849 687 910 fieri.
718 851 832 922 Quanta
852 849 992 928 cuiusque
1006 849 1105 912 animo
1122 851 1238 912 audac'a

184 942 286 994 natura
301 943 349 994 aut
364 933 495 994 moribus
509 934 593 1007 inest,
609 941 687 995 tanta
701 934 732 994 in
746 935 819 994 hello
835 943 932 1013 patere
942 935 1028 995 solet:
1045 954 1135 1014 quern
1147 954 1238 1015 neque

184 1019 274 1097 gloria
293 1037 386 1098 neque
406 1019 530 1098 pericula
550 1018 686 1091 33311331,
707 1020 881 1098 nequiquam
896 1021 1023 1095 hortere3
1045 1021 1138 1081 timor
1153 1020 1238 1082 animi

149 1111 164 1162 3
185 1104 302 1165 auribus
317 1104 415 1164 ollicit.
443 1104 500 1164 Sed
515 1122 568 1182 ego
583 1123 650 1179 vos,
671 1124 834 1185 quopauca
849 1123 1012 1179 monerem,
1029 1105 1184 1180 advocavi,
1199 1105 1237 1166 si-

147 1197 164 1247 4
184 1190 245 1250 mul
259 1190 301 1250 uti
316 1209 431 1250 causam
443 1189 499 1250 mei
512 1189 612 1249 consili
624 1190 774 1269 aperirem.
799 1189 884 1250 Scitis
897 1190 1038 1268 equidem,
1054 1190 1174 1265 milites,
1190 1210 1237 1252 so·

185 1275 283 1336 cordia
305 1283 389 1354 atque
404 1275 514 1353 ignavia
528 1275 640 1335 Lentuli
656 1284 792 1355 quantam
807 1275 863 1354 ipsi
877 1275 1020 1354 nobisque
1035 1275 1149 1338 cladem
1164 1285 1237 1338 attu·

184 1359 261 1432 lerit,
279 1379 393 1439 quoque
408 1360 512 1432 modo,
530 1360 600 1420 dum
615 1380 650 1420 33
664 1361 734 1421 urbe
749 1360 890 1439 praesidia
905 1361 1056 1439 opperior,
1073 1361 1104 1420 in
1121 1361 1237 1423 Galliam

149 1451 164 1501 5
185 1445 330 1524 proficisci
349 1445 534 1524 nequiverim.
561 1445 645 1505 Nunc
663 1465 731 1506 vcro
751 1464 808 1523 quo
828 1446 859 1506 in
877 1446 942 1506 loco
964 1465 1011 1506 333
1030 1454 1152 1508 3331333
1170 1447 1236 1519 3131,

148 1536 164 1588 6
184 1531 263 1591 iuxta
278 1549 392 1590 mecum
408 1548 509 1590 omnes
524 1530 692 1608 intellegitis.
714 1530 862 1591 Exercitus
877 1531 1006 1591 hostium
1022 1531 1091 1604 duo,
1108 1549 1189 1593 unus
1204 1531 1236 1594 ab
1278 1540 1280 1545 ’

184 1616 265 1688 urhe,
280 1615 380 1675 altera
395 1615 481 1674 Gallia
497 1614 626 1688 obstant,
646 1616 752 1676 diutius
768 1615 799 1674 in
815 1616 860 1676 his
875 1615 946 1676 locis
966 1635 1044 1689 esse,
1062 1615 1087 1676 si
1103 1635 1237 1678 maxume

150 1708 164 1757 7
186 1700 299 1762 animus
310 1701 390 1771 13331,
402 1699 537 1760 frumenti
549 1707 633 1778 atquc
644 1701 762 1761 aliarum
773 1719 870 1761 rerum
882 1709 992 1778 egestas
1004 1701 1153 1780 prohihet3
1164 1721 1236 1782 quo·

149 1791 164 1844 8
187 1804 309 1863 cumque
328 1785 372 1846 133
391 1785 495 1863 placet,
517 1786 593 1844 lerro
612 1785 666 1846 1133
685 1786 875 1865 aperiundum
896 1796 948 1847 331.
983 1789 1171 1866 Quapropter
1185 1805 1235 1848 ros

185 1888 307 1943 moneo,
327 1870 368 1930 uti
387 1869 454 1930 lorti
474 1878 559 1948 atque
573 1879 673 1948 parato
693 1871 790 1932 animo
806 1871 870 1931 31113
886 1880 927 1944 31,
950 1891 1016 1932 cum
1031 1872 1177 1950 proelium
1192 1871 1237 1933 in·

185 1953 276 2028 ibitis,
295 1955 483 2017 memineritis
503 1975 555 2015 vos
571 1956 695 2029 divitias,
716 1957 817 2029 decus,
839 1957 975 2033 gloriam,
990 1966 1138 2035 praeterea
1152 1957 1237 2019 liher-

150 2048 165 2100 9
185 2049 273 2102 tatem
298 2049 382 2120 atque
407 2041 852 2130 3313133313(133133133331313
873 2050 996 2120 portare.
1032 2042 1063 2102 Si
1083 2043 1236 2116 vincimus,

187 2126 283 2188 omnia
297 2126 382 2186 nohis
398 2134 459 2188 tuta
473 2135 566 2199 erunt,
583 2135 760 2189 commeatus
775 2128 896 2200 abunde,
912 2127 1069 2206 municipia
1085 2136 1173 2208 atquc
1187 2147 1237 2190 co-

186 2363 230 2415 331
240 2365 279 2414 die
292 2364 337 2429 56,
354 2364 370 2414 4
386 2366 601 2430 ausgesproclienc
615 2364 683 2414 Hoff-

187 2449 261 2496 3333.

220 2517 244 2567 6.
265 2521 380 2568 contione
394 2517 528 2568 advocato.-
554 2517 684 2580 11133333-

187 2587 261 2635 schah
277 2586 357 2648 3131313
373 2603 405 2635 33
421 2585 520 2649 3431333
535 2586 579 2634 des
596 2586 684 2635 Jahres

187 2653 244 2717 691,
256 2654 366 2704 welches
377 2670 416 2704 am
428 2654 452 2703 4.
463 2653 534 2704 Μ1133
546 2652 578 2702 62
591 2654 684 2703 3.(1133.

186 2721 291 2785 133333.

222 2801 272 2865 58.
294 2814 315 2863 1.
333 2830 554 2881 nequo—neque:
575 2813 621 2863 oie
633 2813 684 2863 rii-

187 2887 314 2949 33331133
331 2886 436 2936 Periodc
453 2885 541 2949 13132,
559 2885 587 2946 3;
610 2885 652 2948 11,
670 2883 684 2932 3

187 2970 212 3003 u.
226 2952 303 3017 111133,
322 2970 349 3004 so
367 2957 424 3004 dass
441 2957 486 3004 der
499 2953 685 3017 zweiglicdrigc

188 3021 260 3084 Sntz,
278 3023 340 3071 ohne
352 3023 445 3088 Copula
457 3022 631 3084 hinzugcliigt,
644 3021 684 3069 die

188 3089 335 3140 erkl'arende
347 3090 508 3154 Ansliilrrnng
524 3092 567 3139 des
579 3090 684 3138 3331333-

188 3159 313 3221 3311333133
331 3162 451 3209 curtalem
461 3175 512 3208 333
523 3158 616 3208 addere
628 3162 683 3205 cnt-

187 3226 248 3276 hiilt.
260 3254 293 3261 -
306 3226 357 3275 Der
368 3226 625 3286 Zusammcnstellung
636 3239 684 3272 von

188 3297 325 3358 33133333
337 3299 472 3344 strenuum
483 3295 527 3343 mit
534 3295 639 3358 sortem
650 3306 684 3339 33

188 3363 276 3411 nendo
298 3363 371 3424 (auch
388 3363 433 3410 der
449 3362 575 3411 Chiasmus
592 3375 623 3408 zu
639 3357 683 3405 be-

188 3430 289 3489 3311333
316 3445 347 3478 zu
360 3429 387 3492 3,
405 3429 433 3492 3)
456 3427 593 3493 entspricht
608 3425 682 3473 nach·

188 3497 233 3544 her
244 3495 260 3560 ξ
270 3495 284 3544 2
297 3497 336 3545 die
345 3514 394 3546 von
402 3501 496 3548 notura
504 3495 552 3544 und
561 3494 682 3543 moribus.
713 3509 717 3525 ·

222 3585 246 3634 2.
273 3591 373 3653 patera:
401 3588 439 3637 An
464 3587 556 3637 andern
578 3581 681 3644 8131133,

189 3649 681 3719 3.Β.111,1333133133ξ9,31331333

188 3722 234 3769 der
246 3720 471 3786 Grundbedeutung
483 3722 522 3771 die
535 3715 681 3784 speciellcre

188 3804 237 3851 „zu
250 3787 345 3839 Gcbotc
359 3789 473 3840 stehen”.
498 3787 558 3838 Hiar
568 3784 628 3834 aber
640 3797 680 3830 er-

188 3856 257 3917 313111
268 3857 319 3906 sich
333 3858 364 3906 im
375 3858 514 3920 Gcgensatz
524 3869 555 3902 zu
563 3853 629 3901 113331
637 3850 682 3897 der

189 3924 249 3974 8133
260 3925 528 3988 „derWalrnclimnng
536 3917 681 3982 3331331131]

739 2367 792 2416 3313
808 2366 831 2415 d.
842 2365 858 2415 i.
872 2365 981 2415 sichtbar
995 2366 1111 2431 werden,
1133 2366 1237 2419 hervor-

738 2432 850 2484 treten’'.

771 2522 862 2569 3313313
890 2519 924 2569 131
943 2518 1022 2568 331333
1042 2522 1151 2572 auribus
1171 2521 1238 2571 niclt

738 2587 940 2651 bedeutungslos.

772 2673 796 2722 5.
815 2689 862 2739 quo
874 2676 898 2722 in
910 2672 977 2721 loco:
994 2671 1078 2722 Andre
1086 2672 1182 2724 Lesart
1190 2689 1237 2741 quo

738 2740 799 2822 1333.
817 2742 888 2791 Caes.
902 2741 929 2789 B.
943 2739 972 2790 G.
985 2739 1013 2803 2,
1030 2740 1062 2789 26
1080 2744 1125 2807 qui
1135 2757 1195 2792 cum
1205 2759 1238 2825 33

738 2807 1236 2941 ttdtltttllttatttattl

738 2960 816 3007 gegen
834 2944 884 2993 Cic.
901 2945 933 2993 ad
949 2943 1002 2993 Att.
1022 2944 1064 3007 11,
1086 2943 1116 2992 13
1133 2945 1237 2997 meliora

737 3012 790 3061 loco
799 3027 842 3062 ree
851 3016 931 3062 33331.
949 3012 1024 3060 Beide
1033 3011 1133 3062 Constr.
1144 3013 1236 3064 nebeo-

738 3080 856 3129 einander
871 3080 929 3129 Ter.
946 3079 993 3129 Ad.
1011 3078 1039 3142 3,
1057 3079 1085 3142 2,
1102 3080 1135 3129 46
1150 3085 1237 3149 peiore

737 3163 780 3197 res
791 3147 844 3198 loeo
856 3164 906 3197 333
915 3151 985 3215 potia
996 3151 1109 3212 estesse,
1123 3165 1202 3214 quom
1211 3152 1236 3199 iu

737 3231 785 3280 quo
796 3231 862 3265 3333
873 3219 924 3264 sita
939 3219 989 3280 331,
1005 3227 1045 3264 wo
1060 3216 1181 3267 indcssen
1193 3218 1236 3267 las

737 3280 814 3331 Wort
825 3286 875 3332 sita
886 3298 933 3330 von
946 3283 1053 3332 Einlluss
1065 3283 1108 3333 ist.

771 3364 794 3414 6.
813 3370 928 3429 egestas:
944 3367 989 3416 mit
1001 3368 1024 3416 d.
1037 3366 1158 3431 objectiv.
1173 3368 1235 3420 Gen.

736 3432 784 3480 wie
796 3430 848 3495 133.
861 3432 902 3495 44,
914 3433 938 3482 4.

769 3515 793 3564 9.
811 3519 946 3568 emamus:
967 3519 1017 3569 llas
1037 3519 1125 3570 Pracs.
1146 3537 1236 3586 wegen

736 3583 779 3631 des
792 3583 924 3645 gleichsam
938 3588 1012 3636 331333
1029 3591 1236 3654 gegenwlirtigcn

735 3648 852 3714 llampfes
868 3654 917 3702 und
933 3669 1020 3717 wegen
1037 3657 1083 3705 der
1095 3673 1235 3724 33333333-

735 3725 833 3767 3313133
846 3718 996 3772 Gewisslreit
1007 3724 1052 3773 des
1065 3724 1170 3789 813333;
1192 3727 1236 3778 113-

735 3800 814 3847 33333
827 3788 932 3837 33313133
944 3795 1103 3843 cesseramus.

768 3859 934 3906 columnatae:
949 3859 1070 3910 wahrseh.
1079 3859 1154 3912 Nom.
1165 3862 1235 3928 8133.

734 3921 784 3982 331.
797 3920 848 3984 133.
862 3922 902 3986 43,
915 3923 929 3972 3
942 3933 1112 3981 333133οαί333
1122 3933 1235 3996 effodio·

1275 584 1280 701 l
