2550 4372
174 294 214 356 36
536 290 564 340 o.
582 288 741 342 smnosrr
758 287 859 340 cmsrr

173 447 204 507 in
225 444 363 524 Capitolio
378 443 511 504 Kalendis
527 443 664 505 Ianuariis
679 445 711 505 L.
728 444 840 505 Cottam
860 451 888 504 et
901 444 933 504 L.
949 444 1128 523 Torquatum
1148 461 1219 505 con-

174 531 251 592 sules
266 530 432 602 interlicere,
448 528 504 607 ipsi
519 529 644 590 fascibus
660 529 799 609 correptis
815 529 953 590 Pisonem
967 547 1033 589 cum
1048 528 1174 590 exercitu
1185 528 1220 590 ad

139 630 154 679 6
175 615 344 676 obtinendas
360 615 431 674 duas
446 614 599 694 Hispanias
615 614 734 676 mittere.
761 615 801 675 Ea
816 634 847 676 re
863 613 983 692 cognita,
997 632 1098 674 rursus
1114 613 1145 674 in
1159 614 1220 675 No-

139 713 153 761 7
174 719 227 761 nas
238 699 406 760 Februarias
422 699 574 760 consilium
589 699 682 760 caedis
695 700 907 760 transtulerant.
930 700 990 760 lam
1001 707 1064 760 tum
1074 716 1136 760 non
1149 716 1221 760 con·

176 785 286 846 sulibus
301 784 404 856 modo,
424 784 475 844 sed
490 784 633 864 plerisque
648 785 829 846 senatoribus
845 784 1001 864 perniciem
1015 783 1221 845 machinaban·
1246 839 1250 845 .

140 882 154 932 8
175 879 231 931 tnr.
258 870 343 944 Quod
362 869 392 929 ni
408 868 525 930 Catilina
543 877 716 930 maturasset
734 889 788 949 pro
809 870 886 930 curia
905 868 1020 947 signum
1039 868 1127 930 sociis
1146 868 1222 943 darc,

177 975 211 1016 eo
232 955 277 1015 die
295 963 363 1034 post
382 954 526 1014 conditam
544 955 646 1015 urbem
660 955 784 1015 Romam
803 973 974 1034 pessumum
994 953 1104 1014 lacinus
1123 961 1222 1033 patra-

176 1049 239 1102 tum
259 1042 345 1100 soret:
366 1039 432 1118 qnia
450 1039 583 1099 nondum
602 1041 764 1119 frequentes
785 1039 885 1100 armati
904 1046 1107 1113 convenerant,
1128 1058 1161 1100 ea
1175 1056 1221 1099 res

122 1131 160 1188 19
179 1125 331 1186 eonsilium
351 1124 472 1184 diremit.
506 1125 611 1184 Postea
629 1125 697 1185 Piso
718 1125 749 1184 in
769 1124 929 1185 citeriorem
943 1124 1113 1202 Hispaniam
1133 1141 1222 1203 quac-

178 1218 241 1272 stor
259 1230 313 1290 pro
329 1217 460 1289 praetore
474 1209 582 1269 missus
598 1217 655 1283 est,
670 1210 814 1270 annitente
829 1210 942 1283 Crasso,
957 1209 1036 1288 quod
1050 1227 1117 1270 eum
1131 1208 1222 1270 inles-

140 1307 155 1357 2
176 1304 239 1357 tum
258 1295 407 1355 inimicum
428 1295 477 1355 Cn.
499 1294 639 1373 Pompeio
660 1302 839 1374 cognoverat.
873 1295 971 1374 Neque
988 1301 1085 1355 tamen
1104 1300 1221 1355 senatus

176 1380 354 1462 provinciam
373 1378 477 1439 invitus
497 1379 626 1440 dederat:
651 1380 758 1459 quippe
776 1381 894 1442 loednm
912 1379 1061 1441 hominem
1080 1397 1146 1447 are
1164 1398 1222 1459 pu-

176 1465 248 1526 blica
267 1464 369 1544 procul
383 1483 447 1524 esse
461 1463 585 1537 volebat,
605 1464 690 1525 simul
705 1465 770 1544 qnia
783 1465 854 1526 boni
869 1464 1033 1544 complures
1046 1462 1223 1543 praesidium

177 1551 207 1610 in
229 1540 262 1609 ἑο
283 1548 432 1628 putabant,
457 1555 484 1607 et
503 1547 560 1608 iam
579 1556 642 1608 tum
660 1549 788 1627 potentia
806 1549 927 1628 Pompei
945 1548 1135 1610 formidolosa
1153 1554 1221 1609 erat

141 1649 156 1699 3
180 1635 235 1694 Sed
254 1633 279 1693 is
295 1632 363 1692 Piso
379 1633 408 1691 in
424 1631 569 1711 provincia
585 1633 620 1693 ab
635 1633 775 1712 equitibus
790 1634 941 1713 HispaniS,
964 1653 1037 1714 quos
1052 1633 1083 1693 in
1097 1632 1223 1695 exercitu

140 1734 157 1783 4
177 1718 321 1791 ductabat,
341 1716 519 1777 iterfaciens
539 1717 652 1778 occisus
673 1727 724 1779 est.
761 1719 835 1780 Sunt
854 1719 902 1798 qui
917 1719 955 1780 ita
970 1719 1081 1792 dicunt,
1102 1718 1222 1799 imperia

141 1817 156 1865 5
178 1803 238 1864 eius
257 1802 375 1875 iniusta,
395 1802 531 1881 superba,
551 1803 674 1864 crudelia
687 1804 825 1865 barbaros
840 1804 1003 1884 nequivisse
1017 1804 1089 1882 pati3
1108 1804 1155 1864 alii
1170 1822 1221 1865 au-

177 1896 248 1961 tem,
264 1887 372 1967 equites
387 1887 460 1962 illos,
476 1888 526 1948 Cn.
542 1887 664 1967 Pompei
677 1896 785 1950 veteres
800 1891 931 1969 fidosque
946 1889 1063 1960 clientis,
1077 1889 1222 1950 voluntate

177 1974 238 2034 eins
254 1973 391 2033 Pisonem
407 1991 573 2051 aggressos3
588 1991 748 2053 numquam
762 1974 908 2054 Hispanos
923 1982 1068 2053 praeterea
1082 1972 1137 2034 tale
1152 1972 1222 2035 laci-

142 2072 157 2121 6
178 2077 234 2120 nus
250 2058 366 2130 secisse,
387 2059 438 2118 sed
457 2058 576 2137 imperia
591 2078 674 2119 saeva
689 2060 778 2120 multa
792 2067 874 2120 antea
889 2077 1053 2139 perpessos.
1082 2058 1145 2119 Nos
1159 2078 1222 2121 earn

177 2163 239 2205 rem
251 2144 281 2205 in
292 2143 386 2204 medio
398 2143 600 2222 relinquemus.
621 2144 661 2203 De
673 2145 822 2222 superiore
827 2144 1024 2205 coniuratione
1029 2143 1099 2204 satis
1105 2143 1222 2205 dictum.

124 2232 167 2288 20
264 2229 392 2300 Catilina,
415 2227 464 2287 uhi
484 2247 548 2300 coe,
573 2247 647 2306 quos
666 2229 761 2306 paullo
781 2237 846 2289 ante
864 2228 1033 2301 memoravi,
1054 2228 1223 2288 convenisse

178 2315 261 2386 videt,
275 2312 389 2373 tametsi
404 2330 470 2371 cum
485 2310 604 2389 singulis
620 2313 710 2373 multa
724 2333 809 2392 saepe
824 2322 926 2392 egerat,
940 2322 1037 2374 tamen
1048 2313 1078 2373 in
1088 2332 1152 2375 rem
1163 2314 1224 2375 lore

178 2396 297 2460 credens
316 2396 471 2457 univorsos
488 2396 629 2475 appellare
643 2405 671 2458 et
687 2398 843 2472 cohortari,
863 2398 893 2459 in
908 2398 1033 2462 abditam
1048 2405 1160 2477 partem
1174 2418 1223 2461 ae-

210 2650 263 2702 nat.
276 2650 329 2701 Ion.
341 2651 402 2715 689,
419 2649 561 2701 friihestens
578 2667 616 2702 am
633 2651 671 2702 11.
761 2658 786 2704 et
795 2657 886 2705 iam...
897 2657 966 2706 erut.-
981 2652 1137 2720 Explicative
1147 2653 1223 2705 Stltze

176 2718 256 2784 Miirz,
269 2720 410 2785 sp'atestens
422 2734 461 2768 am
474 2718 563 2784 3.Apr.
577 2720 622 2781 653
641 2736 672 2769 zu
726 2723 827 2772 werden
845 2722 924 2772 1111313
941 2723 1016 2773 durch
1029 2721 1067 2771 die
1079 2721 1163 2772 blosse
1174 2722 1222 2772 Co-

178 2788 217 2852 17,
237 2788 258 2836 l.
290 2788 342 2836 Der
361 2786 415 2850 'Peg
434 2788 478 2836 des
498 2787 673 2838 Amtsantritts
743 2791 784 2839 olo
796 2789 957 2856 angelmiiplt3
971 2805 998 2840 so
1008 2789 1049 2853 20,
1064 2788 1108 2851 173
1121 2790 1163 2854 51,
1178 2789 1221 2851 153

176 2857 222 2906 der
233 2855 349 2905 Consulo.
726 2807 778 2921 lug.
792 2857 831 2922 31,
844 2857 890 2918 203
910 2857 950 2922 43,
964 2858 987 2907 5.
1166 2873 1168 2876 ⁴

209 2947 273 2999 door
293 2947 439 3015 Hispanias:
461 2948 604 2997 dtertormn
623 2946 673 2996 und
758 2947 812 3010 pot.
824 2944 941 3010 Pompei:
957 2943 1095 2993 diesewar
1111 2949 1221 2993 noment-

175 3015 336 3077 ulterdorem5
351 3015 436 3080 spitcr
447 3015 513 3064 hiess
522 3013 596 3079 jones
609 3013 673 3064 Tor·
726 3011 774 3062 liclr
782 3013 844 3061 auch
853 3011 877 3061 in
888 3011 904 3061 S
922 3010 994 3061 anien
1003 3025 1083 3074 gross,
1092 3008 1222 3077 woPornp.

110 3106 112 3110 ·
176 3085 330 3143 roconensis,
361 3084 442 3132 dieses
468 3082 596 3134 Lusitania
624 3083 674 3132 und
727 3081 774 3130 den
786 3080 883 3130 Sertor.
920 3079 973 3142 rieg
984 3078 1100 3141 beendigt
1110 3079 1189 3129 11113.

175 3151 282 3202 Baetica.
306 3151 351 3200 Die
363 3150 505 3202 Nordlriiste
521 3152 607 3201 wurde
621 3158 675 3201 erst
761 3166 784 3216 q,
803 3169 864 3217 Μή
879 3168 934 3231 qm':
953 3165 1007 3214 dem
1023 3163 1098 3213 sinn,
1115 3165 1177 3213 Μ,
1189 3185 1223 3206 =

175 3226 249 3270 nnter
260 3219 388 3282 Augustus
401 3219 509 3269 erobcrt.
726 3234 779 3299 3151,
797 3235 851 3283 dem
862 3232 922 3296 fol&
934 3231 978 3282 alp·
987 3230 1136 3294 gegenfiber,
1160 3230 1223 3280 zum

209 3309 233 3359 6.
252 3308 449 3361 transtulerant:
467 3325 499 3357 zu
510 3308 555 3372 24,
571 3309 593 3358 1.
727 3301 798 3351 Tlreil
813 3302 903 3351 darana
921 3299 1016 3349 crkliirt
1032 3299 1083 3348 sich
1100 3299 1146 3349 dor
1157 3297 1222 3349 lodi-

727 3369 792 3418 cotiv
814 3367 911 3431 dicarat,
940 3368 989 3416 und
1012 3365 1124 3429 zugleiclr
1147 3367 1224 3417 meint

726 3435 787 3484 Sall.
799 3435 865 3483 wohl
876 3434 1015 3485 bestimmte
1026 3433 1163 3485 Personcn.

759 3519 783 3566 5.
800 3517 847 3568 rol.
860 3521 927 3569 einr:
943 3519 966 3568 d.
976 3521 1000 3568 1.
1017 3520 1075 3569 wcil
1092 3519 1223 3569 31131133-

208 3573 232 3652 2·
255 3579 351 3625 lamen:
372 3571 482 3636 ⁰bssl⁰i⁰l¹
503 3570 611 3650 11111111
633 3571 672 3650 ξῖῑθ
725 3593 775 3648 ten,
789 3586 847 3635 dass
859 3602 888 3636 er
900 3602 927 3637 cs
940 3603 1001 3651 gem
1013 3589 1089 3637 sciren
1100 3589 1197 3638 wiirde.

173 3638 250 3690 Pl'ane
262 3643 307 3690 der
318 3642 516 3692 Verschwornen
533 3638 671 3689 therlwerse
757 3688 896 3738 numquam
917 3672 1042 3740 Hispanos
1064 3679 1112 3722 etc·
1153 3672 1221 3723 noch

174 3709 283 3758 “lembi
293 3710 405 3758 wurden'
724 3754 779 3790 war
789 3741 845 3790 dort
862 3741 936 3790 sciron
952 3741 1039 3790 l'riilrer
1049 3756 1096 3789 zur
1108 3738 1166 3792 Zcit
1177 3742 1221 3791 133

207 3813 277 3861 boot:
295 3811 333 3860 die
350 3809 391 3861 liir
408 3810 549 3874 Erlraltnng
564 3812 608 3860 des
622 3809 670 3858 Be·
725 3808 937 3872 Cimbernlrrieges
954 3809 992 3858 ein
1009 3807 1038 3858 L.
1054 3807 1219 3875 1133111331

174 3879 307 3929 otehenden
323 3878 460 3930 besonders
475 3880 586 3944 thdtigcn
599 3877 670 3943 Opti·
725 3874 1221 3945 31113333131113113331,1131131113·

173 3953 263 3997 maten.
724 3949 765 3994 tor
776 3944 890 4006 getddtet
900 3945 1010 3995 worden.

208 3401 255 3455 lt).
269 3401 290 3450 1.
300 3402 484 3469 propraetore:
493 3398 672 3448 mitderAmts-

175 3473 267 3534 gewalt
280 3474 348 3521 eines
360 3470 472 3519 Praetor.
